2662 4456
90 117 137 194 24

219 294 351 373 Nobilis,
373 293 517 376 insignia„
533 297 581 358 sir
598 292 689 357 fortis
706 297 739 357 et
755 292 887 376 inclytus
902 291 1009 378 armis,

220 404 320 481 Quam
339 414 463 478 magnas
480 405 583 462 tarsos
599 416 677 461 nnnc
689 397 872 479 expugnavit
888 401 920 458 et
937 398 1042 474 nrbes,

217 502 260 564 Et
275 501 339 563 sibi
359 500 508 563 iamosnm
528 502 591 563 ren
607 501 646 564 de
669 501 796 562 fornace
814 500 1011 581 triumphum,

227 604 389 685 Tempora
401 605 467 685 jam
487 605 573 666 lauro
593 602 727 666 victricia
746 603 845 682 cingat
864 608 896 663 et
912 622 1005 677 auro;

221 706 332 770 clerus
348 707 544 769 multimodas
560 707 709 789 campanis
730 711 874 787 personet
894 705 979 784 odas,

237 807 307 872 nux
324 810 393 890 quia
410 810 523 890 deJ'acit
543 809 711 885 fornacem,
732 809 872 887 miraque
889 807 972 871 iecit.

188 912 323 983 Versus
350 914 403 1004 hi,
431 916 542 983 animi
568 916 849 1006 intemperantis
870 923 906 982 et
931 915 969 982 in
991 913 1237 1015 spitigneum,

96 1039 242 1109 moenia
260 1040 359 1109 urbi-s
383 1053 484 1110 recte
514 1040 768 1132 designantem
789 1061 832 1107 ae
861 1041 958 1107 omni
981 1041 1114 1108 virtute
1130 1063 1238 1132 prae·

98 1167 254 1227 stantem
272 1150 459 1252 injnrii,ab
481 1182 524 1229 eo
542 1142 802 1253 postcarerum
819 1168 984 1251 potente,
1010 1161 1050 1227 in
1069 1159 1135 1227 illa
1152 1183 1237 1252 par-

98 1278 270 1351 thenonis
281 1279 587 1375 Antistitapoena
598 1282 711 1375 juata,
725 1289 831 1349 'teste
850 1280 980 1349 eodem
998 1277 1142 1369 Corma,
1159 1283 1238 1350 vin·

106 1398 221 1470 dicati
248 1409 331 1468 sant
350 1397 400 1494 *).

123 1517 125 1521 ’
193 1518 337 1592 Ibidem
357 1521 406 1590 ad
426 1523 664 1595 annnm1⁰88.
684 1522 730 1590 de
747 1522 864 1589 milite
888 1523 1059 1615 quodam,
1086 1518 1241 1588 Bcneda

98 1638 259 1727 nomine,
285 1650 415 1734 postea
429 1640 535 1731 jussu
563 1645 662 1735 regis
678 1642 874 1716 wladislai
893 1642 1021 1714 altimo
1051 1641 1237 1737 supplicio

103 1759 275 1831 adfecto:

230 1878 388 1961 „Quidam
407 1880 494 1941 miles
517 1886 594 1957 erat,
617 1881 673 1967 qui
689 1881 808 1941 Beneda
825 1899 934 1941 nomen
952 1879 1095 1956 habebat,

229 1983 466 2064 „Magnanimos
483 1984 615 2065 J'uvenis‚
637 1986 805 2064 praestanti
826 2003 967 2063 corpore,
988 1983 1071 2055 talis,

226 2087 370 2163 „Hector
392 2093 459 2148 crat
476 2085 588 2167 qualis,
610 2086 739 2166 pulcher
763 2093 794 2146 et
811 2088 936 2148 Turnus
958 2086 1106 2162 inarmis,

227 2190 299 2267 „nx
315 2191 422 2251 Jnrata
439 2198 538 2272 natus,
561 2191 610 2251 cui
628 2192 745 2270 primns
766 2190 851 2250 'l'has
869 2195 936 2249 erat
953 2189 1063 2251 arnust*

194 2308 288 2378 Item
307 2310 355 2379 ad
374 2312 616 2379 annum1090.
646 2310 693 2377 de
712 2284 816 2377 obitu
837 2307 1028 2378 Gebhardi
1055 2309 1236 2401 episcopi,

101 2430 224 2502 fratris
243 2433 341 2522 regis
361 2431 573 2498 wratislai:

225 2550 305 2629 „Sol
320 2550 395 2612 Julii
412 2569 513 2622 senas,
533 2571 595 2629 qna
610 2552 703 2632 tangit
720 2553 788 2614 iace
806 2551 959 2624 calendas,

229 2654 385 2731 „Gemma
403 2654 612 2731 Sacerdotem,
635 2662 811 2716 cunctorum
827 2657 881 2719 lux
900 2655 1113 2725 Bohemoram,

226 2758 400 2836 „Dogmata
421 2758 607 2838 praeclarus,
631 2759 705 2838 pius
728 2759 851 2820 antistes
871 2757 1084 2827 Gebehardur,

228 2858 347 2935 „Vivat
363 2867 397 2921 ut
414 2861 443 2921 in
466 2860 599 2934 christo,
622 2862 732 2923 mundo
751 2861 892 2941 migravit
907 2862 945 2921 ab
962 2859 1041 2933 isto;

232 2954 396 3042 ,Moribus
418 2972 449 3024 ct
466 2964 529 3022 vita
543 2963 582 3025 dc
601 2962 690 3044 cujm
713 2963 816 3025 dicere
830 2963 927 3026 multa

229 3064 328 3142 „Fert
344 3063 495 3126 animus.“
607 3124 610 3129 .

75 3255 81 3274 Ι
195 3175 307 3278 Plura
327 3185 368 3253 id
387 3207 502 3277 genus
523 3188 672 3281 excerpi
698 3195 872 3280 possent,
909 3184 976 3255 sed
1003 3182 1053 3253 ad
1081 3184 1238 3256 faculta-

100 3311 174 3374 tem
192 3307 367 3375 rermonis
383 3308 488 3376 latini
507 3306 673 3395 cosmae,
693 3306 966 3398 homoeoptotis
983 3304 1057 3373 illis
1075 3305 1237 3395 quidem,

101 3447 195 3517 quae
215 3427 429 3499 sententiam
447 3428 632 3498 interdum
659 3453 802 3506 omnem
829 3428 1024 3520 perimunt,
1059 3429 1236 3518 tantisper

99 3547 279 3636 sepositis,
307 3550 602 3640 cognoscendam
619 3547 713 3618 haec
732 3548 930 3619 sufficiant.
980 3549 1101 3616 Possit
1116 3549 1234 3616 videri

100 3662 250 3736 Cosmas
270 3669 436 3745 similiter
461 3670 675 3744 cadentibus
710 3671 782 3739 suis
804 3669 1050 3739 recentiorum
1074 3670 1234 3759 populo·

100 3809 180 3855 rum
198 3791 323 3861 metris
344 3792 512 3861 consonis
531 3790 805 3887 quodammodo
822 3790 1055 3882 praelusisse.
1082 3806 1084 3811 '
1198 3818 1204 3828 ·

144 3976 181 4070 *)
200 3984 269 4045 oux
289 3984 360 4059 hic,
382 3986 559 4065 spitigneus
576 3982 641 4062 lt,
661 3984 752 4046 etiam
768 3986 807 4047 de
825 3984 899 4048 aedo
914 3984 955 4052 1).
975 3982 1169 4049 vincenter
1184 3979 1233 4044 in·

193 4094 326 4153 sumata
346 4088 460 4170 optime
475 4089 597 4152 meruit.
