2662 4456
1224 94 1268 161 23

219 232 393 351 Restat,¹
412 269 454 335 nt
477 285 596 356 panes
622 263 789 353 adhuc,¹
813 269 918 359 quasi
942 289 1010 361 per
1036 270 1180 365 lancem
1205 297 1263 342 sa-

123 393 245 454 turam
273 385 449 472 adferam,
499 410 593 477 quae
617 388 819 480 propositis
844 399 928 458 ante
952 392 1169 464 testimoniis
1197 395 1264 463 ali-

124 507 220 599 quid
245 508 423 576 momenti
451 505 590 576 addere
614 511 779 601 possint:

228 675 260 721 a.
287 648 485 738 exsscosma
502 650 692 722 Permulta
712 675 755 723 ex
773 653 847 720 vita
873 650 913 720 S.
931 652 1138 742 Adalberti,
1163 652 1266 723 haud

119 770 233 842 dubie
280 770 434 842 Cosmae
471 774 717 861 attribuenda,
754 774 904 864 excerpi
946 781 1122 866 possent,
1169 797 1262 864 quae

117 901 192 961 non
218 893 461 985 spernendam
488 871 578 985 ejus'
594 897 643 965 ad
661 896 810 989 poetica
835 895 1060 980 facultatem,
1088 894 1155 962 sia
1179 915 1259 962 ver-

115 1036 220 1083 suum
253 1016 482 1084 leoninorum
513 1026 698 1087 structura
723 1016 911 1106 tantisper,
930 1012 1168 1104 recedamus,
1218 1024 1255 1084 et

112 1141 280 1223 ternpore
309 1134 377 1202 illo
404 1136 629 1227 singularem
657 1139 808 1232 linguae
836 1138 972 1209 latinae
999 1138 1146 1231 copiam
1180 1143 1255 1206 tes·

109 1261 251 1324 tantur.
283 1253 347 1324 Sic
362 1275 448 1324 vero
462 1256 624 1327 orditur:

204 1469 386 1546 „Quattuor
406 1468 547 1531 immensi
568 1470 647 1552 jacet
668 1472 746 1535 luter
768 1472 889 1534 climata
909 1470 1025 1553 mnudi,

203 1572 333 1644 „Terra
352 1578 479 1651 potens,
500 1592 626 1652 magnae
646 1575 798 1655 quondam
821 1574 986 1637 Germanis
1005 1573 1119 1652 ismae,

202 1679 267 1750 „ln
289 1659 379 1759 cnjus'
399 1686 487 1758 parte
507 1679 592 1740 locus
615 1691 661 1742 est
681 1701 741 1743 nou
761 1682 884 1743 ultimus
907 1688 986 1764 arte,

200 1781 345 1855 „Natura
364 1781 504 1854 strictus,
525 1782 669 1844 Bohemia
686 1783 806 1845 nornine
827 1785 940 1857 dictus,

203 1888 332 1962 „Armls
355 1892 448 1968 atque
469 1889 541 1952 viris
563 1897 596 1951 et
615 1892 711 1952 rehns
732 1891 818 1954 dives
840 1892 959 1973 opimis,

202 1995 293 2069 „Sed
311 1994 436 2058 nimium
456 1997 540 2060 veuls
562 2016 635 2080 gens
656 2000 709 2063 lllr
730 2005 778 2061 est
798 1999 899 2062 dedite
919 1996 1057 2062 rantes*

197 2180 242 2252 In
273 2181 452 2253 chronico
484 2185 531 2254 ad
560 2207 693 2257 annum
712 2185 800 2254 1006
827 2184 1056 2278 epitaphium
1083 2183 1261 2272 Emmae,

99 2306 273 2401 conjugis
292 2305 461 2376 Boleslai
477 2304 530 2376 Π.

176 2447 184 2456 ”
228 2444 348 2541 „Quae
360 2460 420 2520 snit
435 2464 471 2520 ut
487 2447 617 2539 gemma,
639 2459 707 2521 vilis
720 2461 816 2542 jacet.
837 2478 875 2524 en
897 2460 971 2522 cinls
990 2458 1136 2526 Erumpo

226 2563 294 2642 llic,
316 2580 437 2645 precor,
458 2561 530 2625 huic
545 2563 660 2625 enimse
679 2565 719 2624 dr
752 2564 871 2624 veniam
892 2562 1030 2627 Domine.

196 2751 253 2821 Ex
274 2749 412 2849 eodem·
434 2748 483 2818 ad
504 2771 637 2819 annum
656 2750 761 2837 1037,
778 2747 844 2818 ubi
864 2746 904 2814 in
925 2746 1052 2816 funere
1074 2741 1242 2816 Odalricl

100 2870 208 2940 ducis
228 2860 353 2939 frater
374 2871 474 2965 ejus,
510 2870 649 2942 lumine
677 2869 724 2938 ab
753 2869 820 2937 illo
847 2870 1012 2962 privatus
1040 2864 1241 2939 Jaromirus

98 2993 256 3084 loquens
278 2991 487 3062 inducitur:

225 3184 395 3262 „Mortuus
413 3202 486 3246 ecoe
499 3184 596 3267 jaces,
617 3200 674 3245 nec
694 3200 753 3262 ego
776 3198 834 3242 nec
853 3185 887 3243 tu
901 3179 994 3243 modo
1019 3178 1147 3262 gunda,

223 3288 352 3371 „Hujus
370 3288 485 3351 terreni
502 3287 634 3369 fugitivo
655 3286 787 3349 eulmine
801 3284 901 3368 regul·
1023 3342 1025 3346 .

195 3492 342 3566 Ibidem
375 3494 422 3565 ad
454 3491 695 3566 annum1055
729 3515 851 3562 versus
875 3488 1098 3573 Antistitae‚
1142 3506 1237 3576 quae

93 3613 324 3708 parthenoni
368 3616 416 3686 ad
436 3616 483 3686 ll.
512 3615 665 3707 Georgii
683 3614 874 3706 praeerat,
907 3609 1038 3682 tributi
1070 3604 1117 3724 de
1148 3606 1233 3699 Spi-

91 3739 249 3830 tigneo,
306 3739 370 3829 qui
405 3739 593 3808 fornacem
632 3735 680 3803 ad
711 3733 820 3803 aedes
847 3727 1088 3827 parthenonis
1125 3749 1231 3819 spec-

89 3865 253 3947 tantem,
280 3860 376 3928 muri
404 3861 444 3929 in
469 3860 541 3929 hac
561 3857 660 3926 urbis
684 3865 791 3949 parte
815 3848 1080 3926 exaedificandi
1107 3866 1229 3933 causa,

90 3983 302 4054 necessario
324 3981 420 4052 dirui
434 3983 616 4075 jusserat:
