2662 4456
1153 130 1199 207 tt

64 320 102 384 et
136 310 297 406 perfidia
331 311 558 381 interemtus.
608 303 810 401 (Emanuel
838 309 1023 406 0100Βο00
1057 313 1099 388 10
1124 298 1202 390 'tila

59 433 137 528 ejus
156 436 299 527 Pragae
321 429 452 525 edita.)

70 650 72 654 Α
150 554 289 627 Domus
327 556 435 643 duae,
471 554 615 624 comitis
650 554 741 623 olim
774 547 933 647 Hispani
967 553 1196 630 Baltbasaris

57 677 105 747 010
115 678 321 766 Μο0000100,
351 678 399 747 ad
417 676 563 747 Faunos
582 674 641 744 vel
664 675 934 744 Wildmanniae
962 675 1096 765 0100000,
1134 681 1199 752 de-

60 805 214 882 relictae
239 812 369 893 postea
395 808 432 867 00
459 797 588 890 adjus
617 797 775 867 civitatis
802 799 1107 891 micropragenae
1140 826 1199 872 re-

10 1000 12 1011 ,
58 935 211 1013 tractae,
249 927 296 994 de
324 925 470 1016 quibus,
509 923 609 1014 quod
644 924 781 994 scholis
817 925 1058 1017 amplioribus
1077 908 1079 914 Α
1097 927 1201 997 aedi·

56 1053 209 1120 licandis
238 1062 467 1144 opportunae
480 1050 712 1138 videbantur,
741 1047 989 1141 emendisjam
1011 1053 1203 1123 00001672

58 1194 143 1246 cum
172 1187 299 1246 senatu
326 1179 605 1267 microprageuo
631 1187 752 1245 actum
781 1184 880 1263 0000,
919 1178 1039 1267 000010
1058 1177 1144 1247 5000
1162 1177 1201 1247 11.

60 1308 196 1383 enatae,
224 1307 261 1364 00
280 1319 325 1366 ex
343 1296 476 1364 tabulis
497 1299 668 1382 civitatis,
696 1297 914 1365 infusorem
934 1299 987 1365 001
1007 1297 1204 1366 0010010001-

56 1442 139 1508 000,
167 1423 207 1523 10
234 1422 377 1489 00100100
403 1423 509 1512 regni
545 1423 812 1513 transcriptae,
851 1443 944 1509 quae
974 1430 1107 1489 cuncta
1138 1419 1203 1490 de·

55 1553 160 1614 creto
180 1565 349 1612 caesareo
365 1544 418 1612 16.
447 1542 540 1635 Maji
567 1543 650 1612 0001
676 1543 840 1634 ejusdem
859 1545 1074 1611 confirmata
1106 1550 1203 1614 0000.

152 1670 348 1737 Praeterea
376 1677 497 1736 autem
534 1668 599 1737 din
619 1667 697 1759 jam
725 1677 809 1738 0000
837 1668 884 1737 010
920 1668 1040 1760 spatio
1077 1652 1206 1739 domui

55 1793 243 1886 professae
271 1803 307 1861 et
335 1792 590 1862 0001001001).
617 1793 760 1861 Nicolai
788 1795 930 1863 noviter
950 1792 1204 1881 exstruendae,

56 1914 174 1983 multo
196 1915 372 2005 ampliore
392 1913 634 1983 concedendo
661 1935 744 1983 cnm
755 1914 893 1985 Senatu
913 1893 1092 2007 agitatum
1115 1920 1206 1983 0000.

58 2029 337 2126 ichnographia
356 2029 541 2126 (plantam
560 2033 729 2132 vocant),
758 2038 844 2107 novi
872 2039 992 2128 operis
1026 2033 1206 2105 moliendi

61 2158 118 2227 bis
145 2165 246 2226 terve
275 2156 451 2245 exhibita,
479 2179 522 2226 ac
548 2182 667 2227 rursus
695 2160 908 2242 immutata3
937 2157 1207 2227 obtendebatur

68 2281 178 2365 enim,
205 2286 308 2346 tanto
329 2281 473 2370 spatio,
498 2279 621 2349 medio
643 2281 804 2368 101000,
831 2288 1038 2373 00000000,
1064 2280 1205 2371 plateas
1328 2289 1329 2292 ’

59 2410 98 2469 00
116 2400 193 2468 vias
219 2400 388 2492 publicas
415 2401 522 2469 nimis
553 2402 793 2472 coarctandus
820 2399 912 2471 1000.
950 2401 1101 2492 Magnis
1130 2400 1202 2493 igi·

57 2529 122 2590 tur
158 2541 241 2590 cum
268 2520 561 2609 difficultatibus,
598 2531 639 2591 00
672 2521 817 2591 10100000
837 2521 993 2589 Annuae
1029 2520 1077 2588 001
1104 2519 1205 2588 hunc

60 2664 195 2711 annum
220 2622 357 2735 'aperte
384 2641 535 2732 dicunt,
580 2643 758 2711 Societati
808 2638 1082 2709 colluctandum
1111 2647 1203 2726 erat,

60 2785 151 2856 quas
186 2762 253 2831 illa
277 2763 336 2831 vix
377 2771 438 2832 000
477 2786 522 2832 00
549 2764 609 2834 rix
645 2761 796 2855 quidem
824 2761 1090 2853 superavisset,
1117 2759 1204 2846 nisi,

58 2893 101 2954 'ut
126 2883 218 2952 milri
243 2892 342 2952 certe
367 2905 579 2975 persuasum
606 2895 673 2974 est,
711 2885 812 2954 favor
840 2882 1020 2976 gymnasii
1057 2902 1204 2950 000000-

58 3006 171 3076 randi
198 3013 234 3073 et
271 3005 471 3096 ampliandi
507 2992 654 3076 cansam
679 3008 777 3089 illius
812 3003 861 3074 ad
887 3006 1023 3074 animos
1049 3023 1206 3075 summo-

58 3149 142 3196 rum
160 3136 196 3195 et
219 3128 423 3195 infimorum
440 3129 551 3197 tacite
576 3130 705 3198 saltem
734 3129 879 3220 egisset.
932 3125 1063 3216 ltaqu'e
1090 3126 1203 3196 debe-

54 3240 121 3318 tur
154 3247 248 3317 haec
286 3249 407 3339 ampla
446 3258 483 3317 00
516 3251 671 3342 insignis
708 3248 963 3319 exaedificatio
1002 3246 1128 3315 domus
1166 3254 1204 3313 et

54 3368 190 3485 templi
214 3369 332 3457 istius,
362 3366 612 3440 ornamentum
637 3388 735 3436 0000
769 3367 841 3436 1001
869 3377 906 3436 00
929 3368 1030 3437 001010
1057 3366 1202 3457 000001·

54 3508 187 3581 puum,
204 3508 337 3582 magna
358 3489 526 3582 00010000
546 3512 590 3560 ex
609 3499 715 3583 parte
726 3490 935 3583 patrocinio
954 3489 1143 3557 literarum
1168 3495 1205 3559 00
1234 3515 1236 3518 ·

51 3608 293 3705 juventutis'
283 3634 321 3678 m
339 3610 398 3681 his
419 3612 659 3682 erudiendae.

154 3732 320 3802 Remotis
347 3733 412 3820 100,
439 3734 600 3804 studio
588 3733 753 3825 inprimis
786 3729 930 3801 comitis
957 3728 1203 3801 Maximiliani
1234 3723 1235 3729 ¹

53 3846 250 3923 Valentini
277 3853 324 3923 de
342 3853 547 3945 Martinitz,
574 3854 732 3948 supremi
757 3854 879 3946 Regni
906 3852 1113 3940 Praefecti,
1150 3855 1204 3922 10-

56 3970 187 4057 1101000
203 3975 427 4062 obstaculis,
455 3978 500 4046 ab
519 3978 685 4070 Augusto
709 3976 931 4068 imperatore
946 3972 1139 4067 Leopoldo
1159 3972 1202 4059 1.,

61 4094 128 4188 qni
148 4096 314 4169 exercitu
336 4096 492 4170 lustrato
510 4097 612 4193 Egra
637 4099 795 4192 Pragam
825 4096 1044 4182 advenerat,
1060 4094 1212 4163 tunda-
