2662 4456
1149 136 1200 208 16

59 319 196 407 ,,16166,
218 316 350 407 quihus
373 315 619 388 illustrissimis
637 312 788 389 familiis
806 325 881 389 tam
897 315 1026 410 multu,
1054 329 1091 392 61
1109 330 1192 393 1116·

60 448 124 526 ,,16
163 448 316 529 accepta
346 440 438 523 fert,
476 439 678 509 exhibitum
697 436 748 532 *).
797 439 957 509 Multum
993 442 1193 515 delectavit

58 563 223 646 „animos
244 567 281 627 61
302 561 428 630 oculos
448 561 693 652 spectantium
709 570 788 630 tum
805 562 995 652 ingeniosa
1014 565 1192 652 inventio,

57 688 163 765 „tum
183 682 366 773 agentium
388 680 585 751 dexteritas
612 689 648 749 et
673 682 886 772 repentina,
916 683 1006 771 quin
1024 693 1194 774 spectan-

58 808 140 885 „tes
166 801 211 899 id!
238 803 527 872 animadvertere
554 809 726 892 possent,
764 801 982 894 quintuplex
1008 806 1195 895 proscenii

61 922 287 1006 ‚‚mutatio.“
341 917 489 1014 (lbid.)·

148 1059 265 1134 Anno
288 1066 385 1134 1681.
439 1063 600 1134 Scholae
631 1042 800 1133 floruere.
850 1051 1194 1137 Dramatlon'the·

55 1189 188 1269 torum,
214 1181 452 1281 Hippolytus
461 1231 477 1267 ,
500 1185 559 1252 bis
588 1204 672 1254 cum
696 1184 807 1253 laude
832 1185 872 1252 in
899 1206 1044 1255 scenam
1070 1189 1194 1258 venire

54 1297 200 1371 meruit.
254 1295 392 1394 (lbid.)

149 1437 264 1515 Anno
289 1445 385 1513 1686.
435 1439 538 1514 Nova
574 1437 702 1515 domus
729 1442 881 1514 fabrica
896 1468 1068 1541 maguum
1093 1450 1194 1541 cepit

55 1559 329 1634 incrementum.
381 1564 577 1658 Templum
601 1565 649 1634 D.
675 1566 883 1635 wenceslai
900 1589 983 1638 ,666
1008 1569 1125 1638 661616
1152 1592 1196 1642 ex

57 1687 201 1778 integro
230 1692 472 1768 exstructum,
511 1684 577 1753 sed
611 1694 649 1754 et
674 1692 774 1754 tecto
801 1688 1069 1758 66611666·-
1093 1690 1195 1760 Rhe·

54 1815 152 1875 tores
175 1802 312 1875 Marco
336 1797 481 1875 Attilio
506 1800 662 1895 Regulo
688 1806 728 1873 in
766 1825 912 1877 socnam
938 1809 1039 1899 dato,
1065 1800 1196 1902 plaouss

56 1949 130 1997 ere.
183 1919 320 2016 (lbid.)

149 2058 264 2136 Anno
289 2059 386 2131 1687.
439 2053 621 2154 Discipuli
646 2056 686 2130 in
711 2057 1011 2154 gymnasiam,
1039 2061 1079 2134 in
1103 2085 1194 2157 quo-

48 2207 137 2263 ‚rum
162 2206 312 2253 numero
325 2180 484 2273 Comites
502 2185 568 2273 18,
593 2180 667 2251 LL.
692 2181 901 2271 Barousai,
928 2192 1076 2276 praeter
1102 2188 1194 2256 61166

56 2307 216 2398 equestri
243 2294 383 2373 familia
410 2313 512 2371 natos
539 2297 757 2390 6166111166.
790 2343 843 2357 -
877 2303 1037 2375 Fabrica
1063 2307 1192 2377 domus

57 2451 77 2496 e
105 2435 210 2518 parte
250 2423 473 2492 occidentali
506 2445 527 2490 6
552 2420 798 2494 fundamentis
827 2425 981 2495 dimidia
1007 2430 1062 2497 sui
1087 2439 1194 2520 parte

55 2548 204 2634 educta,
229 2563 314 2639 pars
333 2535 642 2636 septemtrionalis
659 2533 737 2610 iere
753 2545 832 2635 jam
850 2545 1029 2615 absoluta.
1058 2543 1195 2639 (lbid.)

147 2660 260 2758 Anno
286 2687 382 2754 1688.
435 2682 671 2774 Gymnasium
696 2680 771 2750 hoo
806 2680 1091 2771 academicorum
1120 2681 1192 2776 (ita

57 2807 207 2877 Literae
233 2801 428 2897 Annuus),
465 2805 560 2885 inter
589 2802 789 2894 discipulos
823 2801 1034 2895 Principem
1067 2825 1193 2892 unum,

47 2902 106 3000 '26
134 2925 296 2995 Comites
323 2935 361 2993 61
387 2923 460 2993 LL.
486 2923 648 2994 Barones
676 2921 1015 3003 numerat.‚l)rame
1040 2927 1196 2998 celsissi-

55 3071 117 3117 ma
142 3058 188 3119 61.
205 3046 450 3147 illustrissima
470 3043 643 3138 juventus
671 3045 758 3138 egit.
811 3039 948 3138 (lbid.)

150 3180 265 3289 Anno
300 3150 396 3258 1686.
442 3188 706 3294 „Gymnasium
733 3194 896 3256 nostrum
922 3183 1197 3257 academicum

55 3307 126 3398 „in
154 3294 419 3402 discipulorum
440 3331 591 3417 numero
612 3307 703 3374 duos
727 3305 853 3391 duces,
880 3305 1069 3376 Holsatiae
1096 3329 1195 3374 nem·

54 3448 134 3522 „pe
155 3437 191 3498 et
209 3425 394 3516 Slesvioii‚
423 3436 459 3498 et
478 3428 688 3531 Principem
709 3418 755 3494 de
773 3426 874 3494 Salm
892 3423 1047 3499 habet.“
1059 3421 1195 3519 (lbid.)

37 3636 44 3661 ι
150 3567 266 3668 Anno
291 3573 388 3643 1666.
438 3571 622 3662 Discipuli
643 3569 824 3661 gymnasii
851 3570 966 3638 nostri
993 3565 1195 3638 academi-

36 3692 208 3789 61336,
236 3695 333 3762 inter
358 3694 425 3765 hos
453 3693 526 3763 dux
551 3691 765 3777 Holsatiae,
802 3689 914 3760 duces
942 3683 1079 3781 Sagani
1106 3691 1192 3778 duo,

98 3984 135 4070 ²⁹¹)
156 3988 268 4056 Drama
294 3992 328 4056 111
343 3993 424 4078 grati
445 3990 534 4058 animi
551 3988 652 4057 661616
671 3997 702 4057 61
723 3980 856 4074 tempori
874 3980 995 4054 6166166
1016 3979 1192 4048 61666666-

143 4092 246 4158 datum
264 4102 343 4162 erat.

629 4195 653 4276 6
