2662 4456
92 54 213 151 ia.

93 265 300 358 temporum
327 254 441 349 reric,
470 253 541 333 nisi
568 255 785 333 cum-bellis
813 274 876 336 ant
902 262 1054 361 publica
1084 247 1227 370 aliqua-

100 390 308 499 calamitate
338 383 428 476 qnid
455 383 641 453 turbatum
659 385 804 476 fnisset,
843 387 892 457 ad
920 402 1082 464 erectam
1112 420 1229 490 usque

92 506 363 610 universitatem
382 506 612 602 perdurasse.

95 640 99 647 '
188 630 240 706 Ut
263 636 399 733 ⁴itaque
435 634 605 722 credant,
643 635 809 705 scholam
844 636 1026 729 ejusmodi
1052 641 1228 738 aliquam,

90 764 161 858 ¹pro
182 769 386 856 temporum
408 761 562 847 ratione,
589 774 672 829 mot
690 754 779 854 poet
794 772 953 832 erectam
970 766 1115 860 Pragae
1134 794 1232 841 anno

91 890 159 959 96⁷
183 881 396 955 cathedram
423 882 694 977 episcopalem,
733 886 773 953 in
809 902 894 957 arce
919 860 1096 984 Pragenai
1121 893 1230 965 insti·

91 1018 208 1100 'tutam
228 990 356 1095 luisse,
382 1006 439 1077 hie
467 1008 633 1078 adducor
657 1004 883 1080 rationibus:

92 1142 95 1147 '
183 1129 215 1213 Ῑ,
240 1132 284 1203 In
309 1129 425 1203 literis
453 1128 501 1202 ad
527 1116 659 1203 ducem
680 1126 895 1217 Boleslaum
911 1127 960 1205 114
980 1132 1109 1209 eodem
1131 1160 1227 1212 anno

90 1254 158 1330 967
183 1257 290 1343 datis,
319 1256 450 1345 quibus
477 1254 654 1324 cathedra
683 1256 862 1324 ecclesiae
886 1256 1066 1351 Pragensi
1091 1281 1228 1333 conce·

94 1380 205 1465 ditur,
241 1376 414 1446 Pontifex
438 1373 599 1451 «loannes
624 1375 714 1447 XIII
739 1378 853 1457 ritum,
875 1378 1030 1465 latinum
1055 1382 1134 1453 vult
1159 1386 1228 1453 ob-

91 1493 227 1572 servari
254 1507 291 1566 et
317 1499 531 1591 episcopum
557 1496 660 1591 eligi,
688 1499 752 1590 qui
776 1496 894 1569 literis
915 1495 1037 1571 latinis
1057 1504 1229 1597 adprime

93 1625 256 1697 eruditus
285 1624 343 1692 eit.
480 1619 490 1717 l'

88 1724 94 1733 ’
184 1740 359 1815 Profecto
385 1743 602 1834 Bolerlans‚
639 1760 712 1838 qua
747 1756 826 1816 erat
859 1739 997 1839 pietate
1033 1743 1165 1817 eximia
1190 1756 1230 1818 et

91 1871 305 1942 constantia.
322 1869 494 1938 iurebue
519 1871 590 1939 rite
623 1871 790 1963 agendis,
827 1893 1053 1964 summopere
1076 1871 1227 1942 adnisus

93 1996 162 2081 est,
188 2000 229 2061 ut
253 1984 343 2060 ritus
370 1981 435 2059 ille
461 1981 596 2060 latinus
624 1993 663 2060 iu
690 1984 848 2062 ecclesia
874 2003 1001 2064 exacte
1019 1988 1231 2063 observare-

89 2096 153 2182 tur
179 2100 216 2181 et
243 2113 289 2182 de
315 2101 449 2181 idoneo
477 2102 623 2181 adhoc
650 2113 750 2183 clero
781 2123 882 2183 certa
899 2109 1040 2185 ratione
1056 2109 1231 2207 provide·

88 2212 206 2307 ³tetur.
257 2228 386 2307 Fuisse
414 2242 534 2307 autern
554 2230 633 2330 jam
670 2248 753 2307 ante
780 2255 912 2308 aunum
937 2213 1010 2306 967‘
1025 2232 1163 2307 clerum
1188 2237 1232 2305 in

92 2351 272 2430 Bohemia
297 2353 412 2426 literis
440 2352 564 2426 latinis
591 2381 660 2449 pro
687 2382 744 2444 eo,
771 2368 812 2428 ut
830 2368 1035 2448 temporum
1052 2358 1232 2427 videlicet

91 2481 186 2548 ratio
198 2480 351 2565 ferebat,
381 2480 600 2567 institutum,
628 2480 782 2548 velinde
801 2481 930 2572 colligi
946 2489 1083 2572 potest,
1110 2478 1231 2570 quod·

96 2615 180 2675 ante
209 2614 371 2675 erectum
398 2603 541 2700 Pragae
570 2608 823 2698 episcopatum
856 2608 1014 2675 ecclesia
1039 2603 1235 2696 Prageneie

94 2726 296 2796 cathedrae
315 2725 587 2815 Ratisbouensi,
624 2728 688 2796 ubi
714 2729 804 2796 ritus
831 2728 967 2795 latinus
995 2749 1138 2818 semper
1165 2724 1235 2794 ob·

93 2851 248 2936 tinebat,
277 2850 453 2941 adjuncta
480 2858 579 2931 erat3
616 2860 652 2918 et
679 2861 777 2919 certe
803 2871 873 2919 nec
890 2850 1083 2918 Boleslaue
1105 2847 1236 2916 cathe-

98 2970 202 3039 dram
228 2971 407 3038 ecclesiae
426 2970 602 3062 Prageusi
625 2973 843 3042 aPontifice
861 2972 1048 3063 impetrari
1074 2989 1238 3058 unquam

94 3111 203 3184 posse
231 3090 483 3178 existimasset,
519 3092 589 3159 uisi
625 3102 852 3184 compertum
872 3091 952 3182 jam
977 3091 1117 3174 fuisset,
1154 3111 1237 3158 esee

94 3215 133 3283 in
156 3209 357 3280 Bohemiae
385 3213 498 3298 clero,
528 3213 590 3303 qui
615 3215 755 3282 muneri
781 3211 869 3281 hnic
891 3231 995 3280 sacro
1020 3208 1148 3278 idonei
1175 3231 1235 3279 ee·

96 3342 198 3418 sent3
225 3340 416 3425 praeterea
441 3335 521 3424 ipse
546 3334 716 3404 Pontifex
741 3336 781 3402 in
806 3332 963 3403 laudatis
998 3330 1116 3398 literis
1143 3353 1234 3399 neu-

99 3456 444 3553 tiquamBohemos‚
474 3454 917 3551 eedrestrictcBulgaroe,
944 3452 1073 3525 Slavos
1085 3465 1121 3525 et
1140 3456 1236 3523 Rue*

98 3605 156 3653 aas
184 3604 205 3653 a
230 3583 302 3654 ritu
327 3583 443 3652 latino
471 3585 608 3653 alienos
636 3608 714 3654 esse
742 3562 946 3675 significat..
973 3581 1085 3669 Quod
1112 3588 1233 3650 autem

98 3700 291 3775 Boleslaue
316 3705 558 3797 praeoptarit,
585 3715 626 3774 ut
645 3705 842 3790 Ditmarus‚
870 3726 890 3772 e
918 3704 1080 3774 Saxonia
1107 3703 1232 3770 oriun-

103 3824 185 3909 dua,
212 3792 404 3918 episcodus
421 3826 631 3916 eligeretur,
658 3849 836 3917 nusquam
856 3826 896 3894 id
911 3824 1063 3894 Cosmus
1082 3824 1233 3915 imperi-

94 3948 170 4018 tiae
184 3949 388 4040 autculpae
400 3951 511 4020 alicui
523 3953 611 4019 cleri
625 3952 773 4022 bohemi
796 3950 987 4036 adscribit,
1010 3949 1076 4019 aed
1086 3948 1230 4038 gratiae

102 4074 290 4164 duntaxat,
318 4096 391 4166 qua
400 4074 597 4168 Ditmarus,
623 4078 773 4171 linguae
791 4076 980 4151 Bohemae
990 4070 1127 4163 alioqui
1144 4092 1233 4165 pro-
