2662 4456
152 106 200 192 28

152 293 308 384 „nouiei
328 295 367 363 in
386 291 702 364 distributionibus
726 293 800 364 suis
820 292 1057 386 quotidianis,
1084 302 1121 363 et
1142 294 1204 364 alii
1231 315 1293 365 ec·

152 416 323 504 „clesiae
341 415 526 485 ministri“
553 417 669 485 ullum
689 415 948 485 detrimentum
970 425 1159 508 caperent.
1194 500 1200 509 .

251 538 479 607 Testimonia
496 536 590 606 haec
612 546 649 607 et
669 538 825 628 vestigia
846 537 949 626 quasi
975 536 1169 626 quaedam,
1185 537 1295 629 plura

157 665 271 745 certe,
308 681 419 748 quam
439 667 687 745 neeesseerat,
716 658 933 728 ettamenob
945 680 1018 724 non
1036 659 1216 750 ingratam
1231 680 1293 727 ve-

150 778 298 847 tustatis
344 780 499 873 alicujus
534 781 745 848 memoriam
778 779 842 847 hio
878 779 1059 865 collecta,
1104 781 1193 847 satis
1233 802 1292 847 su·

150 917 292 988 perque
330 897 601 987 demonstrant,
659 901 947 990 antiquissimum
985 900 1024 966 in
1059 907 1138 966 tota
1166 897 1291 965 Bobe-

150 1019 225 1087 mia
242 1018 392 1111 linguae
412 1022 549 1094 latinae
566 1045 669 1091 usum
688 1032 724 1090 et
738 1021 898 1091 studium
920 1019 969 1088 ad
992 1018 1125 1087 D.Viti
1144 1021 1182 1088 in
1202 1039 1289 1088 arce

148 1137 327 1231 Pregensi
347 1141 470 1229 fuisse,
498 1124 541 1210 ae
560 1166 758 1233 numquam
778 1165 853 1210 non
873 1141 1086 1228 obtinuisse,
1114 1141 1155 1209 id
1185 1139 1289 1230 quod

150 1259 290 1350 alioqui
308 1283 466 1353 pronum
484 1271 563 1330 erat
582 1263 747 1350 credere,
775 1281 859 1331 cum
875 1262 998 1354 Praga
1020 1261 1143 1329 Minor
1171 1270 1206 1328 et
1227 1285 1290 1329 an-

149 1382 278 1449 teriori
305 1381 557 1475 Veteropraga
589 1391 754 1476 tempore
790 1380 954 1468 condita,
985 1391 1021 1449 et
1049 1382 1288 1451 celeberrima

148 1501 196 1569 l).
220 1500 297 1570 Viti
317 1504 475 1572 ecclesia
492 1504 644 1593 inclyta,
673 1513 784 1595 atque
811 1504 914 1595 regia
943 1500 1077 1571 ducum
1094 1513 1131 1571 et
1156 1525 1288 1594 regum

146 1622 351 1694 Bobemiae
372 1646 455 1691 arce
475 1625 609 1692 nobilis
632 1633 668 1692 et
688 1627 788 1693 clara
811 1626 868 1693 sit.

238 1745 378 1829 Restat,
400 1753 440 1812 ut
460 1743 662 1830 ostendam,
690 1744 791 1812 nulla
812 1741 993 1835 ejusmodi
1013 1745 1222 1811 testimonia
1236 1742 1284 1810 de

144 1864 218 1931 alio
243 1866 282 1931 in
300 1863 481 1932 Boheruia
499 1864 620 1933 studio
632 1864 747 1933 latino
770 1863 862 1931 adeo
880 1872 1023 1932 vetusto
1044 1864 1183 1933 adferri
1196 1887 1284 1956 pos-

144 2009 196 2056 se.
229 1985 262 2052 E
286 1983 508 2053 Christanno
532 1985 695 2076 quidem,
725 1992 845 2054 aetate
865 1993 988 2052 tamen
1011 1982 1165 2053 Cosmae
1185 1994 1285 2053 certe

144 2106 343 2200 posteriori
365 2107 544 2199 scriptore
561 2115 714 2194 constat,
742 2103 918 2174 Sanctum
933 2105 1203 2191 wenceslaum,
1227 2105 1283 2172 di-

145 2249 230 2296 vum
248 2228 442 2295 tutelarem
461 2235 638 2314 nostrum,
666 2226 706 2295 in
726 2225 868 2318 oppido
898 2226 985 2293 olim
1004 2227 1213 2296 Budecensi
1235 2226 1281 2294 li-

141 2352 231 2422 teris
252 2351 457 2419 institutum
475 2351 599 2419 fuisse.
651 2347 785 2419 Verum
803 2349 873 2419 fuit
891 2346 999 2436 haec,
1036 2359 1076 2418 ut
1105 2330 1283 2417 historiae

141 2471 482 2545 nostruellterariee
505 2471 750 2562 peritissimus
779 2467 965 2568 quondam
992 2478 1117 2540 auctor
1135 2469 1281 2539 Fausti-

142 2618 210 2665 nus
236 2589 449 2665 Procbaska
481 2592 522 2660 in
546 2589 649 2662 Fatis
686 2591 758 2667 Lit.
794 2592 833 2664 in
859 2590 1041 2660 Bobernia
1073 2590 1279 2660 Saeculari-

135 2715 206 2786 bus
223 2716 428 2785 luculenter
447 2713 674 2798 monstravit,
702 2714 844 2806 privata
863 2711 1090 2785 solummodo
1119 2720 1154 2779 et
1173 2710 1279 2780 unius

140 2836 256 2905 sancti
282 2835 394 2903 nostri
420 2833 599 2924 principis
624 2836 776 2922 propria
799 2832 990 2926 institutio.
1024 2826 1283 2925 Nem'scholae

138 2957 276 3039 latinae
294 2952 520 3020 Bndccensis
547 2949 687 3017 nullum
714 2974 757 3019 ex
784 2949 1002 3040 antiquitate
1026 2949 1107 3041 ipsa
1136 2948 1279 3039 uspiam

134 3075 341 3165 vestigium,
369 3044 1041 3165 cnialiquisfirmlterinsisterepossii,
1068 3090 1136 3138 nec
1156 3077 1277 3161 antea,

136 3217 206 3267 uec
225 3203 357 3286 postea
376 3191 542 3283 adparet.

150 3306 153 3311 ’
231 3315 594 3408 Scholaecujusdam
607 3311 1272 3425 TeinensispervetustaePragaelle·

135 3439 223 3509 teris
250 3440 470 3533 posteriores
498 3439 695 3528 scriptores
727 3438 947 3505 mentionem
974 3435 1110 3503 inferre
1139 3453 1273 3502 occoe-

134 3571 290 3653 perant,
338 3561 404 3630 sed
429 3560 698 3652 nequidquam,
733 3558 943 3628 testimonio
962 3556 1102 3647 quippe
1122 3556 1274 3646 antiquo

135 3683 234 3752 omni
253 3681 433 3752 destituti.

227 3805 271 3875 lu
294 3830 377 3877 arce
395 3803 684 3876 wissebradensi
703 3798 868 3871 scholam
895 3800 1005 3869 inisse
1038 3808 1132 3868 teste
1151 3797 1268 3866 Fran-

134 3925 246 4014 c'iseo,
284 3927 347 4023 qui
382 3938 564 3999 rectorem
600 3924 678 4018 ejus
713 3944 752 3992 se
787 3921 898 3991 luisse
931 3920 980 3990 ad
1015 3942 1149 3990 nnnurn
1183 3920 1269 3986 1333
