2662 4456
1120 120 1164 211 17

72 324 101 404 ἱι·
117 304 215 377 bene
236 300 349 396 hnjns
368 254 548 396 gymnasii
565 298 811 394 professorem
827 299 1018 375 Nicolaum
1035 301 1160 390 Plahl,

80 432 151 527 gie
172 452 249 516 sus,
275 430 316 498 in
341 449 488 498 nummo
515 450 625 499 aureo
647 429 802 521 signata,
821 430 971 521 publice
988 429 1158 522 insigniri

72 554 140 651 st·
158 564 176 607 -·

80 730 98 753 e
115 678 246 749 Grates
272 675 398 767 itaque
423 697 625 767 perennes,
663 676 888 768 prosperitas
925 682 962 745 et
999 673 1160 763 felicitas

72 806 174 877 aisti
195 814 343 889 nostro,
370 803 638 892 Angustissimo
655 803 805 872 Patriae
828 803 949 887 Patri,
976 809 1018 870 ut
1043 802 1160 872 nurni-

83 927 301 1018 -sospitante
334 922 382 991 sit
408 921 635 1016 longaevus,
662 924 856 993 incolumis
894 932 932 993 et
958 922 1048 992 felix
1078 930 1170 1021 tots

72 1072 113 1120 m
140 1050 308 1140 Augusta
331 1046 451 1116 Domo
476 1072 563 1135 sna,
592 1056 711 1139 utque
746 1052 826 1136 Eo,
852 1049 1096 1151 ,securitatem
1127 1055 1165 1116 st

72 1182 180 1242 utem
197 1170 387 1259 publicam
404 1171 668 1260 sapientissime
687 1178 836 1255 tuente,
867 1169 1067 1239 diutissime
1087 1170 1164 1239 lac·

72 1313 169 1377 nur,
197 1289 299 1381 qnod
324 1310 448 1357 omnes
475 1311 559 1358 cnm
584 1311 749 1381 sempor,
783 1298 861 1357 tum
886 1289 981 1357 festo
1006 1289 1081 1357 hoc
1106 1288 1164 1357 bi·

72 1410 184 1481 aulari
211 1434 233 1480 a
260 1410 440 1501 largitore
472 1410 651 1479 bonorum
667 1492 671 1499 Ι
686 1407 868 1496 omnium,
895 1408 978 1478 Deo
1009 1405 1163 1498 ‚Optimo

72 1532 188 1600 eximo
200 1576 212 1618 ,
239 1531 334 1601 votis
361 1530 625 1603 ardentissimis
652 1532 828 1626 exoptant
853 1536 891 1601 ot
915 1537 1133 1621 precantur.»
1178 1616 1182 1625 Ι

119 1884 355 1988 Βίῐεοίοισεῖ,
390 1899 457 1992 qni
476 1918 659 1968 caesareo
689 1896 840 1968 decreto
867 1900 1067 1991 gymnasiis
1089 1896 1166 1967 Bo·

74 2023 186 2110 miae,
206 2023 373 2113 adeoque
384 2030 421 2092 et
437 2031 563 2092 nostro
572 2021 631 2090 his
648 2019 916 2110 posterioribus
936 2022 1039 2091 annis
1056 2042 1163 2111 prae·

70 2150 153 2230 ant,
189 2143 258 2211 viri
279 2153 316 2213 et
337 2142 519 2236 dignitate
547 2150 584 2211 et
610 2141 707 2209 omni
731 2140 922 2230 praeclare
951 2141 1165 2210 meritorum

72 2286 168 2333 urere
185 2265 398 2355 conspicui,
426 2271 550 2333 arants

124 2377 186 2452 Ad
211 2362 315 2452 anno
339 2383 453 2452 1881·
487 2380 683 2452 Faustinus
709 2377 941 2469 Proohaslra,
966 2382 1023 2451 vir
1050 2381 1167 2450 acul-

72 2501 174 2570 ssima
200 2505 286 2594 styli
315 2503 521 2589 latinitate,
564 2482 741 2569 historiae
776 2503 918 2592 patriae
954 2502 1168 2592 cognitione

100 2621 146 2689 ab
175 2625 273 2694 omni
303 2622 521 2693 humaniore
551 2620 721 2690 doctrina
753 2640 797 2689 ac
827 2618 984 2708 virtute,
1020 2619 1167 2712 scriptis

71 2743 145 2810 iam
163 2742 358 2837 operibus,
386 2743 519 2813 clarus.

125 2858 188 2937 Ab
225 2887 328 2935 anno
362 2866 459 2935 1810.
517 2861 747 2963 Ῥηηοίεοιιε
783 2859 983 2949 wilhelm,
1030 2859 1169 2934 ordinis

72 2982 284 3054 [eiitensinm
310 2962 500 3076 equestris
519 2964 649 3072 Prior,
672 3006 772 3053 ‘vera
804 2966 1021 3053 clementiae
1058 2983 1169 3055 lande

72 3106 294 3195 ,gnissimus,
333 3107 426 3199 justi
454 3115 565 3177 tenax
589 3115 625 3175 ct
658 3107 699 3176 in
734 3127 883 3176 munere
909 3103 1115 3175 Directoris
1148 3127 1169 3175 ο

72 3208 110 3293 le
134 3214 358 3317 praestando
385 3227 601 3296 indefessus·
1038 3254 1053 3284 r

128 3340 191 3415 Ab
225 3368 329 3416 nnnc
360 3347 457 3416 1816.
514 3344 697 3438 doscphus
732 3332 895 3433 Krihlor',
933 3344 1073 3414 ordinis
1108 3365 1168 3413 ru-
1245 3342 1252 3361 “

72 3486 125 3532 τεο
159 3468 289 3536 stellae
308 3456 501 3559 'equestris
535 3467 694 3559 Magnus
719 3465 921 3557 Magister,
965 3474 1007 3536 nt
1033 3486 1172 3533 sumrns

72 3605 216 3655 snorum
243 3587 452 3680 dignitate,
490 3589 543 3657 ita
577 3589 614 3657 e‘t
643 3587 893 3676 humanitate,
929 3586 1108 3680 sapientia
1133 3586 1173 3656 in

72 3702 146 3776 rbus
167 3707 346 3799 agendis,
368 3709 515 3802 justitia
534 3716 571 3776 et
589 3710 795 3778 constantia
809 3715 1011 3800 praestans.

128 3823 191 3897 Ab
228 3849 331 3898 anno
365 3830 461 3900 1823.
519 3829 738 3899 Franciscns
778 3829 823 3898 de
853 3830 969 3899 Paula
995 3826 1169 3914 Piiilner,

72 3947 228 4018 raelatus
251 3949 503 4021 scholasticus
532 3951 579 4022 ad
597 3951 836 4044 Metropolim
860 3948 1014 4036 D.Viti‚
1035 3948 1172 4038 dignis·

72 4088 147 4139 mus
174 4069 500 4164 praedecessorum
522 4094 670 4143 suornm
696 4076 910 4161 successor,
947 4093 1021 4163 quo
1048 4070 1172 4136 litera·

489 4212 493 4221 =
608 4191 632 4263 5
650 4194 667 4231 8
692 4195 708 4229 t
