2662 4456
187 252 272 322 Heu
298 246 391 317 nihil
416 254 581 338 pentat,
606 244 701 315 nibil
726 252 782 315 ert
807 244 846 313 in
873 248 983 320 omni

191 375 291 445 Orbe
317 383 516 457 terrarum,
544 370 641 440 nihil
665 380 720 440 est
745 392 937 461 perenne;

191 494 238 567 Ni
262 497 374 565 Pater
395 517 574 580 nummus,
602 493 672 561 nisi
699 492 763 583 qui
790 492 850 560 vel
875 514 958 563 uuo

574 613 712 683 Sidera
736 607 830 683 nutui

190 826 352 918 Dirigit,
379 825 592 915 fulmenque
619 825 736 916 agitat
761 840 977 913 cormeum,

191 948 356 1018 Territat
379 966 492 1014 rauco
517 940 659 1014 tonitru
683 943 870 1031 scelestos,

192 1066 287 1139 Fata
314 1066 496 1161 disponit,
525 1086 676 1137 numero
703 1073 869 1134 carentes

579 1188 779 1280 Temperat
805 1184 926 1253 orbes.

193 1396 236 1467 si
263 1395 354 1486 quid
380 1393 521 1487 ingenti
547 1401 669 1461 manet
696 1415 717 1461 e
742 1386 860 1478 ruini,

193 1520 235 1591 Si
262 1520 354 1612 quid
381 1520 556 1611 emergit,
583 1518 725 1587 violens
752 1514 880 1585 anheli

194 1642 342 1712 Saeculi
370 1640 471 1730 quod
497 1662 572 1707 non
596 1637 713 1707 valuit
739 1656 932 1728 rapaxque

576 1757 751 1849 Mergere
775 1766 945 1825 torrens:

192 1965 281 2036 Rite
306 1963 482 2032 mirantur
507 1963 662 2057 populi,
689 1961 832 2033 caduca

196 2092 393 2178 Quaelibet
421 2090 562 2159 circum
587 2090 689 2159 soliti
714 2089 854 2175 videre,
1001 2164 1006 2173 ,

197 2198 318 2308 quue
343 2216 458 2284 habet
486 2224 650 2283 nanctum
675 2215 829 2299 merito,
857 2210 1040 2307 fovetque

581 2336 708 2406 Senior
737 2345 848 2407 aeter.

197 2541 316 2629 Bina,
339 2536 419 2633 jam
443 2540 533 2610 bina
557 2573 610 2591 -
636 2561 682 2608 en
708 2574 766 2594 -·
784 2539 910 2611 abiere
935 2540 1088 2631 saeuia3

198 2667 298 2736 Dum
320 2667 376 2758 pii
401 2677 524 2758 patres
550 2665 896 2759 teneruejuventae
976 2668 980 2746 j
1028 2730 1042 2736 ..

196 2772 350 2861 Hancne
375 2792 565 2863 Musarum
589 2790 748 2884 posuere
773 2788 921 2885 magnai.

583 2913 713 2985 Mente
738 2918 973 3010 palaestrumss
1054 2940 1059 2949 ’
1091 2970 1096 2981 .

200 3136 345 3207 Efferus
373 3135 537 3226 quamvis
562 3137 741 3209 laceraret
767 3133 866 3209 artius

199 3264 348 3332 Patriae
374 3260 545 3349 Mavors,
570 3263 663 3334 licet
689 3286 776 3333 arva
801 3264 878 3333 late

200 3387 427 3482 Sanguinem
452 3371 583 3482 longos
607 3389 778 3459 biberent
804 3412 872 3482 per
898 3402 1020 3471 annos,

584 3514 741 3587 Hostieu
768 3516 931 3609 quamvis

199 3709 365 3784 Flamma
390 3713 563 3786 florenter
588 3717 785 3811 popularet
810 3715 945 3794 urben

199 3830 303 3900 Inter
330 3861 510 3908 armorum
536 3833 713 3932 strepitur
739 3839 896 3907 minaces

203 3950 348 4024 Artium
376 3961 489 4030 solere
514 3983 694 4054 generosa
720 3959 840 4059 movit

580 4087 738 4159 Pectora
766 4105 865 4155 eura.
