2662 4456
1225 123 1249 193 7

95 297 231 391 majori
256 298 312 368 rei
350 284 478 392 gestae
499 284 586 370 'fide'
601 286 814 393 persuasum
846 308 914 392 eat,
939 299 1084 397 Pragae
1112 303 1237 374 Mino-

96 433 174 521 ris,
203 443 239 503 et
267 436 411 527 origine
435 461 501 506 sua
534 438 679 529 reliqua
710 440 802 509 urbe
838 440 1043 526 anterioris,
1077 443 1237 533 primam

95 569 201 658 apud
236 591 301 639 nos
327 571 449 640 sedem
474 574 682 661 literarum,
722 574 936 666 etquidem
968 564 1008 643 in
1044 597 1127 645 arce
1151 576 1241 645 Pra-

91 705 205 792 gensi
230 706 460 776 constitutam
485 710 610 796 fuisse,
639 709 741 800 quod
766 731 849 780 cum
875 710 921 781 ad
940 693 1151 781 memoriam
1172 733 1236 781 an·

89 835 276 926 tiquitatis
302 864 376 910 non
395 843 634 935 injucundum
652 855 720 936 est,
746 850 825 917 tam
846 848 1012 938 aliquam
1034 848 1131 939 grati
1157 847 1234 915 ani-

93 971 147 1037 mi
173 973 480 1066 significationem
505 977 692 1074 habet·*).
757 1080 763 1093 =

190 1205 363 1280 Ceterum
387 1213 429 1281 id
453 1235 521 1282 nec
546 1214 772 1287 innuendum
798 1215 948 1308 quidem
969 1214 1140 1301 arbitror,
1165 1232 1235 1282 no·

86 1361 182 1407 meu
217 1341 339 1433 ipsum
372 1348 564 1436 gymnasii,
600 1371 672 1440 quo
707 1358 794 1419 tunc
821 1349 1007 1419 interdum
1037 1351 1119 1441 ipsa
1152 1347 1236 1416 uni-

92 1476 251 1542 versitas
279 1478 460 1566 quaedam
488 1481 764 1574 disciplinarum
788 1485 959 1553 veniebat
985 1479 1041 1574 **)
1067 1483 1235 1573 nuspiam

91 1609 132 1675 in
159 1612 311 1679 vetustis
333 1613 518 1684 chronicis
546 1619 680 1686 nostris
706 1619 883 1700 inveniri3
921 1640 1005 1685 nam
1031 1617 1136 1686 nobis
1161 1638 1235 1684 non

91 1741 141 1810 de
167 1745 324 1833 nomine,
351 1746 418 1816 sed
444 1748 538 1819 dere
549 1755 642 1844 ipa,
670 1777 734 1824 seu
754 1752 893 1822 scholis
911 1745 1048 1840 latinis,
1075 1771 1229 1843 gymna-

95 1949 385 1969 m

136 2103 171 2191 ⁴)
193 2107 322 2192 Pragam
340 2110 493 2175 Minorem
512 2109 621 2174 Veteri
638 2109 740 2191 Praga
765 2111 967 2189 antiquiorem
989 2129 1071 2186 esse,
1094 2113 1233 2172 consuat

83 2236 88 2247 ¹
184 2214 265 2276 famu
281 2216 386 2286 tradit,
408 2215 458 2275 eui
474 2214 511 2274 ad
528 2219 631 2274 nostra
648 2233 746 2293 usque
772 2220 915 2293 tempora
931 2213 1123 2294 perduranti,
1155 2209 1232 2275 nulli

184 2316 255 2380 licet
271 2324 390 2380 vetusto
407 2324 601 2379 monumento
618 2316 748 2390 innixae,
771 2317 844 2398 quid
864 2322 964 2379 tamen
990 2317 1135 2378 adversae
1154 2335 1230 2396 par·

184 2419 225 2479 tis
245 2421 414 2500 scriptores
432 2439 589 2500 opponere
609 2421 741 2501 possint,
763 2439 821 2482 non
838 2421 942 2483 video·
984 2420 1062 2482 Nam
1081 2420 1134 2498 qui
1151 2418 1230 2481 Pra-

189 2541 257 2601 gam
273 2522 420 2586 Veterem
436 2525 521 2602 prius
542 2525 691 2585 conditam
710 2524 809 2583 fuisse
831 2523 947 2598 volunt,
973 2521 1031 2583 hoe
1053 2525 1230 2601 argumento

188 2631 333 2687 utuntur:
354 2626 454 2688 fuisse
471 2645 583 2706 nempe
608 2627 699 2699 olim,
729 2625 909 2686 Ptolomaeo
936 2629 1074 2697 auctore,
1103 2622 1134 2682 in
1155 2621 1232 2684 dex-

185 2731 235 2787 tra
254 2728 415 2792 Moldarae
431 2731 525 2791 amma
548 2730 624 2810 ripa,
647 2726 742 2790 simili
759 2727 823 2788 situ
841 2731 874 2788 et
892 2727 974 2797 loco,
995 2724 1049 2785 ubi
1066 2721 1229 2786 uuncl’ra·

182 2849 223 2908 ga
237 2830 335 2895 Vetus
350 2841 409 2910 eat,
430 2834 549 2911 arbem,
572 2835 638 2896 aive
659 2830 873 2906 Marobodum,
897 2830 961 2890 sive
984 2827 1153 2889 Bubleuum
1169 2845 1227 2889 no-

180 2934 284 3012 miae,
306 2938 532 3003 inaedificatam.
583 2936 660 3008 Sed,
684 2937 803 3011 amabo,
838 2938 913 3013 quot
941 2931 1010 2992 looa
1030 2929 1124 3009 simili
1150 2928 1224 2992 huic

183 3037 244 3099 situ
261 3040 299 3102 ad
315 3060 416 3102 amnes
436 3038 596 3104 llohemlae
615 3056 675 3099 noa
694 3038 859 3118 reperias‘l
898 3036 940 3098 Et
958 3034 1066 3116 quodsi
1085 3035 1128 3094 ita
1147 3032 1227 3094 fuis·

189 3147 248 3213 set,
271 3144 423 3204 carnalla
442 3145 587 3205 retiama
608 3141 646 3202 ab
668 3159 706 3202 eo
726 3140 834 3202 saltem
848 3147 999 3219 tempore,
1023 3136 1225 3216 quoLibussa
1256 3156 1258 3163 ’
1321 3162 1324 3167 <

183 3241 315 3325 Pragum
339 3247 509 3308 condidisse
531 3247 643 3320 fertur,
674 3242 711 3303 ad
729 3260 784 3302 uos
805 3241 969 3322 pervenit‘.l
999 3242 1061 3303 Sed
1087 3254 1225 3317 aeaego

185 3346 292 3409 adduci
309 3369 448 3429 possum,
469 3349 653 3423 mecedem,
675 3347 797 3427 priseos
814 3345 886 3407 illos
897 3345 1141 3409 Marcomannos,
1160 3339 1227 3400 aive

181 3452 234 3530 qul
251 3453 302 3513 alli
323 3454 457 3529 suerint,
488 3455 518 3514 iu
539 3455 607 3533 ripa
627 3457 659 3512 et
678 3449 748 3509 loco
776 3455 838 3510 tam
859 3449 1018 3529 depresso,
1051 3440 1149 3522 qualis
1173 3439 1225 3503 hie

178 3553 282 3616 fuerat
312 3564 344 3621 et
372 3558 539 3619 adhucdum
563 3563 629 3631 est,
669 3552 800 3634 indeque
825 3558 856 3612 et
882 3550 988 3613 hostili
1025 3542 1152 3622 impetui
1192 3550 1224 3607 et

182 3675 329 3735 aquarum
355 3660 537 3722 inundationl
570 3657 720 3732 obnoxio,
768 3636 877 3716 urbem
907 3652 966 3713 sibl
994 3645 1223 3711 exaedificasse·

178 3758 265 3822 Mori
282 3764 324 3839 td,
354 3765 536 3844 praesertim
563 3761 756 3842 priscorum,
787 3761 948 3839 repugnat,
994 3751 1146 3831 Equidem
1167 3770 1224 3832 po·

179 3863 240 3924 tius
263 3866 459 3943 crediderim,
482 3867 512 3926 ln
542 3865 666 3925 sinistra
694 3863 787 3923 amisis
812 3867 918 3941 parte,
947 3860 982 3916 ut
1009 3856 1157 3930 editiore,
1179 3854 1223 3914 lta

178 3973 300 4029 nostrae
316 3986 394 4029 uuna
412 3968 529 4049 Pragae
539 3967 653 4030 Minori
662 3967 759 4048 magis
775 3965 925 4044 contigua,
943 3961 975 4022 id
991 3961 1060 4025 tierl
1076 3957 1221 4040 potuisse.

123 4072 180 4166 **)
201 4081 419 4171 Perrulgatam
437 4092 486 4151 eat
501 4103 609 4150 nomeu
625 4081 856 4167 archtgymaasil
873 4079 1021 4173 itonam
