2640 4448
144 268 386 369 nrbegminori
405 268 584 361 Pragensi
602 267 739 361 conjici
762 267 892 360 possit.
939 265 1161 341 Bisecnlaris
1183 274 1281 345 enim

141 405 236 476 haec
254 406 434 498 gymnasii
461 406 578 473 nostri
601 405 774 472 memoria
787 402 873 494 jure
899 400 941 470 id
962 407 1151 496 postulare
1176 410 1279 480 vide·
1312 402 1314 407 ’

141 551 214 629 tnr,
251 550 293 611 ut
323 539 431 609 simul
460 540 671 607 memoriam
700 540 869 623 illorum,
908 539 973 628 qni
1002 541 1125 610 studia
1153 554 1278 615 nostra

143 677 231 744 olim
250 683 286 743 et
304 693 400 742 nunc
421 675 639 742 auctoritate
660 697 738 759 sna,
766 671 935 760 consilio,
972 676 1104 764 opibus
1126 687 1163 745 et
1187 704 1276 769 qua·

141 811 195 880 vis
215 817 345 877 navata
363 830 475 899 opera
493 809 689 877 tuebantur
708 827 753 876 ac
773 807 1048 898 promovebant,
1083 819 1191 900 grato
1217 837 1276 883 re-

141 946 303 1014 colamus
323 943 456 1029 animo,
484 951 521 1010 et
541 943 704 1032 quamvis
732 942 881 1033 plurimi
902 943 1092 1038 beatorum
1110 944 1190 1035 jam
1217 971 1273 1017 se·
1311 1022 1314 1027 ,

142 1080 250 1149 dibus
270 1077 467 1171 gaudeant,
494 1085 705 1169 praesentes
735 1076 840 1167 qnasi
869 1086 906 1145 et
923 1086 1034 1148 testes
1062 1077 1151 1148 huic
1177 1079 1274 1151 festo

139 1237 361 1285 veneremur.
412 1213 506 1283 Sunt
525 1214 621 1282 enim
640 1210 712 1279 hae
731 1213 878 1303 pietatis
900 1221 937 1279 et
954 1211 1203 1302 humanitatis,
1226 1215 1274 1284 ad

141 1373 250 1440 quam
279 1348 429 1419 scholae
458 1357 604 1418 nostrae
629 1349 828 1439 praecipue
858 1345 1008 1434 ducunt,
1043 1349 1103 1419 vel
1131 1351 1274 1441 primae

137 1493 274 1577 partes,
302 1494 344 1552 ut
361 1507 469 1553 omne
488 1507 616 1577 aevum
643 1492 680 1552 et
700 1505 805 1551 omne
832 1504 946 1572 genus
971 1481 1171 1571 hominnm,
1208 1509 1271 1554 eo-

138 1644 219 1689 rum
236 1621 465 1712 praesertim,
492 1599 635 1707 'quibus
661 1627 737 1686 tam
764 1624 867 1685 arcto
895 1618 1044 1686 vinculo
1066 1617 1269 1712 jungimur,

139 1763 261 1823 mente
279 1762 317 1821 et
336 1753 455 1820 animo
473 1751 702 1844 pientissimo
721 1753 1021 1845 complectamur.

231 2019 362 2109 ltaque
379 2019 498 2110 primo
520 2019 605 2087 loco
631 2017 679 2088 de
709 2016 839 2087 studiis
857 2016 1151 2111 Micropragenis
1181 2020 1274 2088 anti·

138 2158 277 2247 quioris
302 2155 395 2241 aevi,
424 2164 507 2222 ante
531 2161 691 2221 erectam
710 2153 996 2238 universitatem,
1032 2162 1109 2221 tum
1129 2153 1175 2220 de
1199 2153 1274 2219 ori·
1303 2220 1307 2227 ,

138 2293 223 2384 gine
246 2300 282 2359 et
293 2289 528 2359 iustitutione-
545 2287 655 2381 hujus
674 2289 792 2357 nostri
807 2289 987 2381 gymnasii
1010 2309 1104 2355 anno
1122 2285 1276 2388 circiter

135 2427 233 2512 163⁰,
261 2432 298 2493 et
320 2424 367 2493 de
392 2423 469 2516 ejus
492 2440 691 2517 progressu
707 2422 756 2492 ad
775 2447 908 2493 annum
924 2445 1039 2512 usque
1061 2422 1160 2508 1780,
1180 2442 1274 2511 pan-

134 2580 181 2630 ca
200 2560 270 2651 illa
289 2558 451 2650 quidem,
478 2569 517 2629 nt
530 2559 608 2652 jam
625 2559 741 2646 innui,
769 2558 944 2644 adieram,
971 2557 1076 2627 nixus
1098 2556 1139 2625 in
1169 2563 1269 2623 utra·
1312 2542 1314 2559 '

135 2700 208 2786 'qne
224 2705 330 2786 parte
354 2696 513 2774 indubiis
528 2698 757 2774 testimoniis.
808 2692 928 2764 Causa
950 2715 1050 2780 vero,
1094 2690 1143 2759 ob
1161 2712 1272 2781 quam
1311 2698 1314 2738 ³

134 2830 304 2898 analecta
321 2828 416 2898 haec
435 2853 509 2899 uon
525 2831 623 2899 ultra
654 2800 786 2903 annum
814 2831 900 2901 178⁰
930 2824 1179 2916 continuanda
1198 2847 1270 2917 pn·

133 2965 223 3051 tavi,
249 2964 343 3033 haec
359 2972 432 3050 est,
460 2965 561 3063 quod
578 2986 711 3059 nempe
737 2965 870 3052 omnia,
899 2987 995 3055 qnae
1026 2962 1072 3033 ab
1104 2982 1148 3028 eo
1173 2967 1268 3028 tem·

132 3121 225 3192 pore
243 3102 385 3174 ratione
407 3099 597 3191 Gymnasii
615 3103 730 3172 nostri
750 3090 837 3187 acta
854 3110 894 3190 et
900 3109 1005 3193 gesta
1025 3105 1122 3182 sunt,
1157 3093 1269 3195 inhi-

133 3236 247 3303 storia
257 3236 334 3328 ejus
349 3234 395 3306 a'b
406 3239 607 3326 ann01777,
633 3238 817 3308 indicibus
836 3246 874 3304 et
893 3236 1072 3327 catalogis
1085 3253 1193 3299 mann
1206 3251 1269 3299 eu-

136 3371 245 3439 aratis
259 3373 474 3462 consignata
486 3373 686 3464 diligenter
697 3374 794 3467 apud
808 3395 874 3441 nos
895 3371 1144 3452 adservantur,
1158 3364 1271 3432 adeo-

131 3527 206 3594 que
214 3508 348 3576 notitia
365 3530 503 3596 eorum,
523 3513 554 3580 si
573 3511 720 3600 qnando
735 3534 836 3602 opus
851 3515 958 3593 esset,
984 3503 1096 3573 facile
1117 3499 1269 3603 exlribe-

131 3641 167 3706 ri
182 3623 323 3732 possit:
348 3648 694 3737 antiquioraiant-em
711 3648 798 3732 illa,
825 3644 915 3713 hinc
933 3649 970 3710 et
996 3640 1101 3709 illinc
1128 3653 1266 3727 sparsa,

127 3776 177 3842 ex
206 3779 312 3848 variis
332 3782 518 3853 ¹subsidiis
549 3784 762 3877 colligenda
800 3788 925 3864 erant,
961 3778 1088 3866 itaque
1112 3767 1265 3864 proprio

125 3911 381 3988 analectorum
404 3922 551 3992 nomine
581 3924 744 4009 veniunt,
783 3938 936 4010 qnorum
961 3908 1156 3993 memoria,
1192 3903 1263 3972 nisi
