2662 4456
1172 77 1217 151 31

518 251 717 362 Ἡ..

14 424 17 519 ἶ
76 455 269 545 Scholae
290 457 475 546 Latinae
495 454 859 574 Micropragenae
878 460 934 545 ab
958 440 1070 554 anno
1097 469 1216 573 1630

14 642 19 771 p
293 628 392 726 post
421 627 617 699 erectam
644 611 982 699 usuversitatem.

15 902 20 1103 ἰ
70 933 197 1041 Anno
223 965 309 1036 1552
332 965 432 1035 idem
455 964 551 1036 illud
576 963 758 1057 inclytum
784 967 965 1039 eeclesiae
990 971 1213 1071 Metropoli-

68 1092 179 1157 tanae
193 1088 505 1178 capitulumque,
528 1096 570 1155 ut
588 1088 743 1157 vidimus
763 1101 984 1180 procurante
1005 1098 1128 1167 studia
1144 1123 1211 1170 no-

67 1216 148 1279 stra
160 1209 240 1299 jam
265 1209 465 1297 antiquitus
486 1217 677 1295 steterant,
698 1207 744 1275 de
763 1213 952 1299 gymnasio
972 1236 1035 1283 seu
1049 1218 1212 1312 collegio

63 1330 214 1419 Pragae
227 1327 383 1396 Minoris
414 1327 639 1396 instituendo
658 1335 695 1394 et
713 1325 893 1399 Societati
908 1330 998 1402 «lesu
1014 1337 1211 1434 tradendo,

65 1450 279 1521 academiae
288 1448 617 1541 Veteropragensis
636 1447 791 1534 aemulo,
811 1449 930 1540 eique,
957 1464 1073 1528 utres
1094 1473 1211 1552 erant,

64 1569 340 1663 quodammodo
352 1571 536 1662 opposito,
558 1589 684 1638 curam
694 1581 918 1661 susceperat.
944 1573 1077 1667 Itaque
1097 1604 1141 1653 ea
1162 1583 1211 1653 de

62 1714 107 1763 re
133 1693 288 1785 supplex
314 1690 415 1782 apud
441 1689 718 1759 Ferdinandum
737 1689 767 1759 1.
788 1689 995 1782 Aug-ustum
1011 1718 1079 1788 per
1095 1701 1211 1772 Prae·

60 1814 225 1906 positum
251 1835 367 1899 suum,
394 1811 591 1902 legationis
618 1811 658 1879 in
683 1810 755 1880 hac
781 1831 892 1882 causa
919 1827 1113 1910 susceptae
1131 1823 1210 1914 pri·

61 1955 142 2002 mas
167 1943 353 2002 tenentem
379 1930 583 2002 Henricum
618 1932 760 2019 Pissek,
797 1933 901 2001 enixe
941 1933 1080 2029 egerat,
1115 1951 1209 2014 tem·

61 2055 129 2147 plo
164 2055 445 2148 microprageno
488 2052 528 2122 S.
561 2050 704 2122 Mariae
735 2051 1003 2146 Magdalenae,
1049 2060 1090 2128 in
1121 2061 1208 2155 jure
1311 2122 1318 2141 .

60 2183 153 2244 tuuc
179 2177 356 2267 capituli,
396 2195 479 2243 cum
506 2183 664 2264 quatuor
692 2171 949 2267 adjacentibus
977 2178 1130 2251 aedibus
1159 2183 1209 2255 ad

59 2295 162 2367 bunc
188 2300 297 2366 linem
322 2295 527 2366 liberaliter
553 2295 690 2365 oblato.
741 2294 929 2387 Augustus
954 2304 1130 2391 precibus
1153 2308 1207 2377 le-

58 2428 231 2512 gatorum
255 2419 414 2508 benigne
441 2416 625 2507 exceptis,
662 2437 702 2484 se
744 2420 934 2508 negotium
959 2423 1038 2492 filio
1074 2426 1206 2498 Perdi-

58 2539 198 2627 nando,
233 2539 389 2630 Proregi
415 2548 505 2607 tunc
530 2534 746 2622 Bohemiae,
787 2536 1093 2612 demandaturum
1117 2567 1206 2638 pro-

56 2662 169 2733 misit.
223 2661 298 2731 Sed
325 2659 484 2742 bellum‚
523 2658 632 2725 annis
661 2681 682 2725 a
707 2654 889 2725 Mauritio
916 2656 1099 2734 Senoniae
1124 2690 1203 2738 mo-

57 2783 120 2872 tis,
146 2807 269 2853 rursus
297 2781 538 2852 exardescens
564 2802 642 2849 rem
668 2777 900 2848 disturbavit.

88 2898 92 2903 ’
151 2899 377 2976 Ausones
403 2904 592 2996 negotium
619 2901 771 2991 collegii
802 2899 913 2993 hujus
951 2907 1120 3001 erigendi
1144 2935 1204 2982 re-

56 3022 321 3118 diategratum‚
354 3034 393 3093 et
421 3023 569 3093 Canisio
596 3045 617 3093 e
643 3022 683 3092 S.
708 3020 745 3090 J.
771 3029 1035 3100 monasterium
1061 3034 1201 3103 ordinis

52 3142 102 3214 Ι).
120 3144 329 3236 Augustini,
356 3156 444 3216 tunc
465 3148 576 3239 plane
598 3143 795 3230 desertum,
823 3165 907 3214 cum
934 3150 1026 3219 aede
1046 3152 1084 3222 S.
1098 3152 1201 3224 Tbe-

50 3287 135 3334 mas
167 3269 449 3362 microprageua
484 3269 523 3337 in
567 3265 724 3335 eundem
756 3265 867 3337 finem
911 3271 1075 3344 oblatum
1117 3275 1200 3344 fuit.

49 3385 132 3456 Sed
158 3384 306 3460 Canisio
331 3391 437 3460 locus
462 3390 581 3458 minus
608 3395 841 3480 opportunus
867 3391 963 3461 visus
991 3403 1060 3481 est,
1089 3396 1198 3487 quip-

46 3531 100 3601 pe
128 3513 204 3602 qui,
241 3522 283 3583 ut
308 3512 513 3583 nominatus
539 3509 603 3580 hic
631 3520 759 3582 auctor
784 3511 974 3582 Historiae
1000 3513 1206 3587 Societatis'

45 3629 241 3705 Bohemae
267 3644 294 3704 t.
314 3634 344 3706 l.
369 3659 408 3728 p.
427 3638 470 3705 69
496 3644 533 3706 et
557 3639 602 3704 70
629 3632 774 3703 disertis
800 3634 921 3704 verbis
949 3635 1012 3721 ait,
1042 3639 1198 3721 „urbem

45 3765 240 3844 „veterem
267 3759 472 3852 spectabat,
499 3758 667 3846 adeoque
692 3755 893 3849 Proiegem
918 3754 1195 3831 Ferdinandum

45 3902 98 3967 „a
126 3881 309 3950 sententia
336 3880 502 3967 dimovit,
530 3886 700 3949 causatus
728 3876 841 3964 istud,
880 3874 982 3969 quod
1009 3882 1192 3973 angustis-

45 4004 171 4090 „sima
195 4005 235 4074 in
261 4005 361 4076 urbis
388 4004 553 4098 regione,
591 4001 758 4071 domibus
784 3997 921 4073 civium
947 4009 988 4071 et
1013 4002 1193 4073 nobilium
