2662 4456
93 95 140 166 22

94 279 203 347 illinc
228 276 373 370 gravius
401 274 634 347 invaluerint.
685 272 803 347 Certe.
816 298 923 347 nemo
937 274 1235 374 fossatenses,

92 396 334 479 hiccietntes,
363 394 618 491 qtoidditotcs,
643 405 680 466 ct
699 398 772 467 slis
790 399 924 468 similia
940 379 1134 472 verborum
1150 424 1237 492 por-

96 527 212 607 tenta,
231 540 327 609 quae
343 517 512 587 Erasmus
535 515 629 587 salse
642 518 753 604 ridet,
771 520 887 611 magis
908 520 1022 590 latina
1040 523 1237 614 reputabit.

94 632 218 709 Nostri
254 646 377 707 nutem
409 638 467 707 illi
504 636 783 732 chronographi
819 650 855 709 et
890 650 947 710 sat
976 666 1147 735 magnam
1173 663 1267 711 vo-¹

96 781 181 831 cum
204 762 403 832 latinarum
422 764 590 853 copiam,
617 771 654 831 et
676 764 865 853 eliquanto
884 762 1052 856 justioris
1081 775 1119 833 et
1146 787 1235 834 con·

96 887 272 955 cinnioris
309 888 569 956 sententiarum
604 889 879 980 compositionis
917 910 956 956 se
981 910 1055 957 non
1080 891 1232 980 penitus

93 1008 242 1101 ignaros
267 1007 379 1076 fuisse
406 1007 629 1096 ostendunt,
670 1011 813 1100 quoties
849 1011 1007 1080 animum
1040 1011 1158 1103 magis
1185 1011 1234 1080 ad
1273 1021 1276 1025 '

96 1130 231 1219 stylum
258 1126 501 1198 adverterent.

162 1264 341 1346 ,Cosmus
377 1277 500 1354 certe,
544 1275 585 1336 ut
621 1274 764 1353 aetate,
800 1267 854 1335 ito
879 1276 917 1338 et
942 1268 1093 1361 ingenio
1119 1270 1236 1366 major

94 1409 169 1457 non
187 1388 451 1482 poenitendam
470 1389 691 1480 scriptorum
708 1386 1048 1480 probatissimorum
1066 1393 1236 1461 notitiam

91 1511 217 1581 multis
254 1511 348 1579 locis
370 1509 531 1601 prodit,
561 1510 746 1578 interdum
779 1509 949 1600 adposite
985 1510 1034 1578 ed
1070 1514 1229 1581 animum

92 1628 252 1722 legentis
280 1630 422 1717 scribit,
451 1638 561 1718 atque
587 1631 618 1698 si
646 1654 667 1699 s
692 1629 776 1698 labe
798 1630 941 1700 saeculi
967 1632 1023 1698 sui
1048 1631 1231 1719 immunis,

94 1772 116 1819 e
142 1751 311 1820 similiter
336 1748 554 1818 cadentibus
579 1750 695 1841 magis
724 1750 794 1818 sibi
820 1759 1072 1840 temperasset,
1101 1760 1138 1818 et
1166 1752 1231 1820 ed·

14 1929 20 1936 .
94 1875 268 1943 strictiori
305 1872 505 1963 disciplina
546 1847 705 1964 quadem
737 1872 866 1941 fuisset
894 1893 1000 1961 usus,
1053 1898 1121 1943 nee
1166 1877 1234 1945 ille

94 1996 268 2064 orationis
310 1968 421 2062 etism
463 2016 598 2085 genere
645 1994 834 2085 egregium
870 1993 1024 2085 aliquod
1060 2016 1152 2088 opus
1187 1996 1235 2066 sd

92 2125 262 2209 posteros
294 2113 517 2205 reliquisset.
545 2111 582 2209 *)
653 2114 830 2184 Similiter
874 2115 1045 2184 cadentis
1088 2125 1232 2204 sutem,

95 2259 158 2305 seu
185 2235 451 2327 homoeoptots
483 2237 569 2324 ills,
608 2236 813 2304 imitatione
839 2236 962 2303 forsan
991 2236 1115 2324 aliqua
1142 2234 1231 2305 Ovi·

96 2357 288 2428 dianorum
312 2364 510 2428 metrorum
536 2355 730 2444 adductus,
767 2355 1007 2449 enquisivisse
1033 2354 1188 2427 videtur.

96 2664 384 2689 m

135 2861 172 2954 *)
195 2867 287 2947 (leste
304 2867 444 2944 cosmas,
472 2872 540 2930 utut
559 2866 730 2931 comburis
757 2872 788 2930 et
804 2867 936 2930 soloecis
955 2867 1023 2929 sevi
1040 2867 1087 2929 sui
1103 2885 1160 2927 non
1180 2885 1231 2928 ss-

185 2976 225 3036 tis
236 2977 293 3037 sibl
311 2979 534 3058 sempercsvit‚
553 2976 626 3037 dum
642 2976 690 3037 sul
708 2974 975 3055 lpsiuseteorum‚
994 2995 1072 3055 quae
1088 2975 1231 3055 prsclsro

186 3078 315 3167 legerat,
337 3081 434 3162 magis
452 3079 597 3158 meminit,
615 3079 657 3140 ito
678 3079 794 3154 scribit,
815 3086 850 3140 ut
865 3078 998 3151 mireris,
1024 3078 1099 3138 hanc
1120 3077 1164 3138 illl
1181 3077 1230 3138 iu·

185 3189 328 3250 cultatem
352 3206 529 3269 superesse.
562 3185 719 3250 Interdum
745 3206 851 3249 rerum
872 3186 1001 3248 lormsm
1028 3190 1061 3246 et
1093 3183 1228 3264 speciem

186 3291 290 3354 vorbis
308 3297 340 3352 et
362 3310 418 3352 suo
436 3290 554 3353 dicendi
588 3309 704 3371 genere
725 3291 768 3352 lto
793 3289 880 3352 nobis
907 3288 1077 3361 sdumlrrst,
1099 3294 1133 3349 ut
1157 3306 1230 3349 cer·

190 3417 320 3470 numus,
358 3417 454 3478 genus
483 3403 555 3460 tuuc
583 3397 663 3460 vitoe
696 3394 854 3461 hominum
884 3397 1002 3459 omnino
1037 3414 1096 3456 non
1133 3396 1234 3458 incul-

187 3508 265 3577 tum,
295 3520 352 3564 neo
371 3502 545 3581 impolitum
565 3500 677 3575 luisse,
703 3503 765 3564 imo
787 3501 826 3564 ed
842 3519 902 3563 uon
929 3499 1117 3563 invenustum
1135 3519 1233 3580 quen·

186 3607 256 3669 dem
281 3609 422 3672 decorem
448 3613 480 3671 et
503 3609 757 3689 magnificentium
781 3609 965 3690 proiecisse.
1008 3607 1161 3688 Equidem
1194 3623 1233 3666 eo

187 3711 312 3785 gravius
348 3710 520 3772 offendebas
543 3711 698 3793 xylotypis
722 3713 870 3789 leonibus,
892 3730 968 3792 quus
989 3711 1111 3791 entique
1136 3708 1231 3770 editio

186 3811 315 3889 Hsgecll
344 3818 441 3879 nostri
460 3816 561 3894 hebet,
585 3819 693 3881 rudem
711 3821 871 3899 quendum,
888 3818 1046 3879 lnior-mem
1067 3824 1099 3878 et
1116 3821 1232 3878 vestm

190 3935 295 3985 rerum
326 3926 359 3980 et
390 3921 543 3986 homiuum
566 3927 702 4006 speciem
728 3928 811 4008 epod
833 3945 962 4009 prosvos
997 3929 1118 3989 nostros
1143 3921 1232 3986 exlrl·

190 4024 343 4091 bentibus.
