2662 4456
585 40 638 107 is·

136 112 182 185 bd

137 298 262 394 plnres
288 294 495 366 conciones·
513 316 634 366 sacras
662 289 859 366 bohemico
884 288 1061 365 idiomate
1089 294 1128 364 in
1155 296 1280 369 lucem

141 418 282 499 edidit3
308 416 539 485 Professores
558 415 843 486 Humaniornm:
870 418 913 486 P.
929 415 1114 507 Josephur
1134 418 1181 487 de
1202 420 1279 488 He-

137 536 334 619 bcnstreit,
360 534 584 605 Franciscns
604 533 797 617 Sclrram13
832 528 1063 607 Professores
1085 539 1278 610 Gramma·

138 661 254 729 tices:
281 655 324 723 P.
342 653 522 725 Henricus
551 655 675 741 Wolf,
703 656 867 745 pluribus
894 659 1082 750 opusculis
1104 657 1152 727 ad
1174 683 1281 731 usum

135 775 407 871 gymnasiorum
428 785 465 845 et
479 775 681 867 juventutis
702 772 889 847 studiosae
913 778 1008 870 juris
1029 780 1173 870 publici
1200 780 1279 850 fac-

135 900 204 983 tis,
231 915 399 965 necnon
427 894 650 986 compendio
678 893 867 964 Historiae
895 898 1099 969 Bohemiae
1128 903 1281 994 egregie

137 1017 370 1103 concinnato,
391 1014 540 1087 laudem
557 1015 741 1104 adeptus3
766 1014 819 1082 Μ.
841 1016 895 1086 Μ.
917 1018 1137 1089 Franciscus
1157 1021 1277 1109 Alter,

132 1137 213 1230 jam
254 1145 339 1205 ante
377 1117 570 1218 laudatus3
613 1131 775 1203 Joannes
818 1132 1008 1208 Neubauer
1041 1148 1078 1208 ot
1111 1139 1274 1211 Joannor

137 1256 355 1343 Schneider,
374 1237 697 1343 hic'subsequenti
718 1263 884 1347 tempore
906 1280 1042 1350 praeco
1060 1262 1162 1329 verbi
1184 1261 1277 1330 divi-

138 1379 176 1448 ni
191 1379 232 1458 in
251 1378 333 1447 aula
355 1375 584 1447 serenissimi
600 1383 688 1442 tuuc
708 1373 891 1446 Electoris
907 1378 1101 1466 Saxouiae,
1127 1402 1171 1449 ac
1190 1379 1277 1451 dein

139 1478 345 1590 episcopali
382 1497 562 1590 dignitate
600 1502 770 1580 ornatus,
814 1499 967 1597 perutili
1002 1500 1099 1572 libro
1125 1523 1278 1592 precum

137 1618 422 1696 christianarum
455 1616 556 1684 edito
587 1616 725 1706 optima
756 1620 920 1688 meritus.

135 1807 139 1815 ,
232 1736 367 1807 Omnes
384 1735 425 1803 hi
442 1734 620 1808 Societati
636 1745 752 1816 ,antea
772 1736 969 1826 adscripti,
998 1759 1091 1831 anno
1109 1737 1182 1808 hoc
1194 1741 1276 1831 jam
1300 1781 1303 1787 ·

140 1858 241 1929 clero
257 1854 511 1927 ecclesiastico
522 1857 668 1925 accensi
678 1858 717 1924 in
724 1854 837 1926 Libro
849 1853 1279 1951 Calculorumlegnntur.

232 1975 417 2068 Discipuli
438 1976 525 2062 216,
554 1976 698 2045 nobiles
719 1977 773 2046 10.

136 2158 139 2163 ,
230 2091 293 2169 Ab
319 2095 691 2185 consumtum
721 2118 834 2164 novus
867 2095 1071 2167 studiorum
1099 2107 1135 2167 ct
1162 2099 1278 2170 fortu-

138 2215 348 2285 natissimus
376 2217 511 2286 texitur
541 2214 655 2299 ordo,
682 2224 791 2304 atque
815 2215 1040 2284 emendatior
1068 2228 1104 2286 et
1133 2221 1278 2288 sanissi-

136 2356 198 2403 ma
207 2334 372 2411 methodi
387 2343 423 2406 et
437 2334 657 2424 disciplinae
667 2330 927 2419 scholasticae,
947 2344 989 2403 nt
1005 2338 1044 2404 in
1064 2341 1192 2410 ceteris
1203 2339 1279 2407 Au-

140 2455 263 2542 striae,
284 2457 336 2524 ita
348 2477 494 2545 quoque
506 2455 544 2530 in
558 2463 680 2523 nostro
692 2455 894 2544 gymnasio,
915 2456 1023 2543 ratio,
1045 2459 1279 2548 quemadmo-

140 2575 226 2653 dum
245 2598 266 2644 e
284 2576 380 2667 libro
393 2583 518 2644 nostro
531 2571 810 2673 ordinationum
831 2574 1144 2646 Scholasticarum
1161 2588 1278 2669 patet.

232 2694 396 2765 Debetur
419 2695 493 2765 hoc
515 2695 732 2765 incredibile
758 2696 976 2777 beneficium
994 2697 1181 2787 Augustae
1206 2698 1279 2767 Im-

137 2817 312 2906 peratrici
351 2837 394 2884 ac
434 2817 598 2908 Reginae
638 2815 780 2884 Mariae
807 2817 1028 2902 Therasiae,
1065 2817 1279 2889 immortalis

138 2937 333 3008 memoriae
357 2935 535 3028 Principi.
587 2933 798 3003 Studiorum
827 2943 863 3002 et
892 2937 1002 3009 totius
1032 2936 1272 3006 institutionis

133 3056 307 3148 juvenilis
327 3058 469 3133 ratione
496 3059 618 3135 avitis
645 3059 888 3131 solertissimis
904 3059 983 3151 jam
1000 3059 1087 3129 hinc
1113 3071 1148 3131 ot
1167 3061 1272 3130 illinc

140 3176 338 3266 diligenter
356 3201 516 3271 expensa
535 3187 572 3247 et
592 3179 768 3266 discussa,
787 3177 954 3272 Augusta
966 3180 1279 3272 Imperatrixpru-
1299 3224 1302 3231 .

141 3295 369 3387 dentissimos
406 3308 442 3368 et
472 3299 704 3373 fidelissimos
738 3301 973 3370 consiliorum
1001 3322 1147 3370 suorum
1168 3302 1278 3370 mini·

141 3427 254 3505 stros,
299 3420 395 3489 inter
423 3419 491 3489 hos
527 3430 564 3490 ct
597 3420 815 3491 Gerardum.
840 3443 908 3489 van
932 3420 1093 3489 Swieten
1128 3421 1279 3512 delegit.

229 3537 381 3610 Itavera
391 3549 427 3608 et
437 3550 539 3613 recta
558 3541 758 3615 animorum
773 3540 993 3632 juvenilium
1004 3542 1277 3614 formandorum

138 3655 197 3722 via
215 3660 326 3750 inita,
349 3665 421 3756 qua
440 3666 496 3734 illi
518 3665 566 3735 ad
586 3668 683 3734 vitae
714 3666 831 3734 civilis
851 3667 976 3734 munia
989 3667 1089 3758 juste
1109 3665 1279 3736 obeunda

143 3772 384 3871 ducerentur,
422 3788 572 3859 remotis
602 3786 754 3855 salebris
789 3786 868 3854 aevi
897 3787 1054 3878 prioris,
1092 3810 1136 3857 ac
1165 3810 1276 3877 quao-

142 3895 314 3966 stionibus
336 3904 641 3992 abstrusioribus,
670 3929 780 3996 quam
800 3930 894 3996 quae
921 3909 993 3998 ipsi
1021 3910 1134 3977 aetati
1160 3916 1278 3979 matu-

140 4019 230 4096 riori
252 4024 400 4123 perviae
422 4031 518 4122 sint,
554 4032 653 4103 undo
678 4032 797 4113 solum
825 4033 1035 4105 obscuritas·
1056 4034 1281 4110 animorum»

663 4378 766 4408 Α
