2662 4456
115 327 286 395 nesticae
312 320 503 397 doctrinae
527 319 638 414 cyclo
670 325 887 418 comparati,
914 332 952 395 et
982 325 1181 401 methodus
1217 331 1263 403 iis

115 446 251 516 utendi
277 443 461 536 magistris
488 462 571 511 cnm
598 444 768 536 singulis,
794 454 873 515 tum
899 468 1046 538 quoque
1069 446 1263 521 lrumaaio·

120 590 181 638 res
206 566 335 637 literas
362 563 580 636 docentibus
607 566 851 658 praescripta,
886 561 1020 657 hisque
1044 567 1264 665 interpretes

52 744 54 749 .
112 687 251 781 judicii
278 685 505 757 solertissimi
531 693 568 754 et
592 685 817 777 politissimi,
853 683 1018 777 Heynius
1046 697 1084 758 et
1109 688 1259 763 Vossius

52 850 67 893 Ι.
118 809 160 876 iu
195 805 408 901 liirgilium,
462 804 725 875 Mitscherlich
760 807 799 876 in
834 803 969 897 Lyrica
1004 808 1153 879 Horatii
1191 821 1262 881 etc.

64 994 67 1021 ς
115 928 392 1001 commonstrati
403 934 507 1008 sunt3
533 936 726 1019 praeterea
743 929 1260 1023 prosaescriptoribusepoe·

63 1110 68 1133 ,
114 1049 159 1119 tis
169 1052 315 1142 graecis
328 1047 617 1123 chrestomathia
628 1050 830 1119 lectissima
840 1050 981 1139 addita,
992 1059 1032 1121 ut
1057 1051 1113 1119 ita
1131 1072 1259 1121 sensus

61 1160 68 1197 ³
112 1172 231 1240 omnis
256 1168 485 1239 humanioris
516 1170 729 1245 literaturae
742 1169 783 1238 iu
810 1170 1102 1245 adolescentium
1131 1173 1260 1243 animis

112 1297 221 1359 recta
251 1288 396 1359 ratione
423 1287 555 1356 alatur.

207 1409 296 1480 Fuit
323 1409 420 1479 enim
455 1416 492 1476 et
527 1406 599 1476 erit
626 1427 777 1499 semper
810 1426 967 1500 poeseos
992 1410 1032 1480 in
1057 1410 1172 1502 signis
1205 1412 1260 1483 vis

107 1529 149 1599 irr
193 1531 332 1599 animos
375 1529 589 1616 hominum,
650 1535 688 1595 et
734 1525 783 1595 ad
825 1527 985 1599 studium
1020 1528 1257 1602 humanitatis

108 1651 308 1743 plurimum
334 1650 402 1721 illa
428 1647 607 1719 conferet.
663 1646 774 1732 Quod
798 1646 926 1738 itaque
951 1648 1068 1720 Poeta
1095 1653 1142 1722 de
1162 1655 1258 1746 pris·

108 1773 161 1841 eis
197 1772 424 1865 temporibus
465 1770 582 1839 dicit:
644 1763 775 1855 „Cura
809 1768 946 1840 ducum
979 1770 1124 1841 fuerant
1172 1774 1261 1843 olim

111 1914 343 1985 „regumque
363 1890 541 1984 poetae“,
569 1886 753 1977 hoccerte
767 1886 814 1957 de
832 1896 1048 1961 tetanostra
1071 1901 1192 1964 aetate
1202 1917 1260 1965 re-

103 2013 272 2080 centiore
291 2021 501 2084 verumest.
568 2004 763 2077 Caesarum
792 2009 888 2077 euim
910 2019 947 2079 et
964 2013 1110 2107 Regum
1127 2014 1256 2083 decre-

103 2135 152 2202 tis
181 2133 372 2225 principes
404 2141 598 2224 poetarum
626 2128 850 2198 institutioni
873 2130 1064 2202 'literariae
1101 2135 1251 2205 deman-

103 2255 260 2340 dantur,
307 2261 345 2323 et
377 2251 547 2343 profecto
573 2268 762 2339 nunquam
787 2247 973 2341 Augustus
999 2252 1140 2331 Romae
1166 2253 1252 2348 plus

52 2394 55 2453 ῖ
102 2372 551 2445 ornamentiinMaronem
561 2391 667 2439 suum
688 2378 725 2437 et
736 2366 915 2440 Flaccum
937 2375 1109 2462 contulit,
1139 2398 1253 2467 quam

52 2478 54 2487 ¹
101 2497 222 2565 nostri
250 2491 422 2564 Caesares
450 2499 487 2559 et
504 2492 627 2581 Reges
662 2489 702 2557 in
725 2489 873 2557 eosdem
901 2499 938 2559 ot
975 2495 1138 2585 reliquos
1160 2516 1252 2585 poa-

101 2624 224 2686 tarum
239 2634 426 2707 proceres,
464 2609 553 2681 dum
582 2630 707 2678 eorum
726 2629 840 2703 opera
862 2620 1064 2704 perpetuae
1099 2612 1252 2685 utilitati

99 2747 137 2809 ot
171 2734 438 2806 immortalitati
463 2729 671 2802 transdunt.
709 2822 712 2827 Ι

195 2857 249 2927 Ne
260 2877 423 2947 uuquam
433 2853 575 2923 maneri
587 2848 832 2921 scholasticos
847 2848 1018 2920 obeundo
1030 2851 1157 2924 idonei
1184 2852 1247 2924 de-

98 2990 221 3051 essent
233 2976 878 3069 candidati,decreto27.Septembris
889 2977 973 3047 1811
981 2981 1169 3070 provisum
1179 2992 1248 3070 est,

70 3090 74 3105 ’
98 3111 144 3171 ut
158 3102 198 3170 in
215 3102 608 3195 gymnasiisprimariis
617 3101 868 3192 professorum
880 3121 1030 3170 numero
1052 3102 1118 3172 alii
1141 3126 1246 3196 egre-

94 3223 184 3315 giae
205 3225 284 3314 spei
294 3224 595 3316 adjungerentur,
607 3221 684 3310 qui,
696 3219 970 3309 instipendium
997 3233 1240 3293 aunuumtre-

96 3354 290 3415 centorum
302 3345 527 3415 florenorum
538 3342 693 3433 recepti,
712 3363 780 3443 per
789 3341 928 3411 biennii
940 3350 1001 3411 aut
1015 3344 1248 3433 quadriennii

91 3466 269 3558 spatium,
290 3466 478 3561 juventuti
498 3486 582 3537 cum
598 3464 727 3535 fructu
744 3462 983 3553 erudiendae,
1005 3467 1082 3557 apti
1111 3463 1246 3535 redde·

99 3576 244 3658 seritur.

189 3703 295 3775 Haec
329 3706 552 3800 paucissima
580 3726 601 3775 e
627 3704 807 3800 plurimis,
846 3730 868 3777 a
897 3703 1056 3776 Caesare
1077 3705 1244 3799 Augusto

89 3822 249 3918 publice
268 3828 458 3901 institutis.
510 3831 719 3916 Quaerere
739 3826 787 3897 ad
804 3829 966 3920 singulas
987 3826 1164 3898 duntaxat
1183 3849 1241 3896 res

90 3949 133 4021 in
162 3951 367 4023 studiorum
386 3956 601 4024 oeconomia
620 3954 787 4023 interiori
804 3963 958 4046 paterne
978 3954 1156 4044 providit,
1184 3950 1240 4014 in-

92 4097 249 4149 numera
268 4048 505 4174 properant,
531 4080 570 4150 iu
589 4078 721 4171 quibus
740 4080 968 4185 singulorum
989 4098 1101 4167 saepe
1128 4069 1238 4139 disci·

710 4203 733 4274 ⁵
756 4206 772 4243 t
