2662 4456
39 332 83 399 in
103 353 213 400 unam
231 338 435 422 temporum
453 328 584 401 seriem
600 328 762 401 collecte
777 325 944 426 fuissent,
979 332 1092 408 facile
1118 335 1184 409 ob·

41 467 189 537 literari
207 473 269 536 aut
283 466 394 558 plane
411 466 634 538 intercidere
650 474 788 561 posset.

74 758 78 764 ·
147 733 219 804 Sed
239 743 344 806 erunt
360 734 530 824 fortusse,
558 735 622 826 qui
642 735 875 824 arbitrentur,
901 733 1097 823 rudiailla,
1123 759 1186 808 an·

41 872 216 960 tiquitus,
253 873 350 941 sicut
368 873 506 964 ubique
525 871 702 964 gentium,
736 873 790 942 ita
817 894 964 963 quoque
992 871 1092 965 apud
1119 893 1187 943 nos

45 1007 238 1074 literarum
255 1007 364 1076 initia
382 1030 613 1098 nequaquem
627 1007 723 1079 tanti
742 1029 833 1093 esse,
860 1016 902 1077 ut
926 1006 973 1076 de
988 1007 1036 1077 iis
1055 1027 1189 1099 opero·

46 1143 125 1211 sius
147 1149 360 1232 quaeratur;
388 1165 480 1233 qnos
499 1165 569 1234 ego
588 1151 738 1235 rogatos
755 1143 878 1228 velim,
904 1143 1005 1212 utin
1029 1143 1191 1212 animum

46 1283 242 1358 revocent,
270 1297 363 1363 quae
380 1297 502 1343 rerum
516 1276 630 1345 facies
651 1299 673 1345 a
693 1278 839 1346 saeculo
859 1275 939 1347 fere
970 1278 1098 1369 quinto
1128 1283 1192 1346 aut

49 1419 158 1482 sexto
178 1407 299 1475 inhoo
317 1418 443 1478 nostro
461 1411 558 1480 orbis
575 1418 708 1498 tractu,
737 1418 774 1479 et
796 1432 891 1500 quae
910 1419 973 1480 aut
989 1412 1089 1481 unde
1108 1433 1192 1504 spes

52 1548 181 1635 aliqua
198 1542 322 1627 fuerit,
351 1543 445 1630 fore,
480 1553 522 1614 ut
550 1543 598 1613 ad
620 1546 722 1617 huno
736 1547 833 1617 vitae
861 1545 1086 1617 humanioris
1113 1546 1193 1616 cul·

53 1690 149 1765 tum,
177 1699 286 1767 quem
303 1699 401 1749 nune
420 1679 612 1766 cernimus,
631 1682 753 1773 iepsu
770 1687 976 1773 temporum
999 1682 1193 1775 pervenia-

54 1811 148 1885 turi
190 1812 325 1880 Deleto
356 1812 510 1904 imperio
535 1836 700 1902 romano,
730 1813 954 1885 Graecorum
979 1824 1041 1888 aut
1067 1816 1193 1910 potius

55 1949 464 2040 Bysantinorumrebus
478 1950 555 2042 jam
567 1953 715 2038 attritis,
740 1960 938 2042 postquam
953 1961 1083 2044 gentes
1094 1951 1195 2021 ferae

57 2093 98 2154 et
121 2082 295 2151 barbarae
306 2081 372 2152 has
383 2085 551 2175 regiones
570 2095 719 2156 cunetas
731 2085 811 2177 jam
819 2088 1078 2179 pervasissent,
1103 2084 1197 2177 quid

59 2220 162 2290 ultra
176 2217 318 2306 aderat,
347 2243 456 2309 quam
484 2221 633 2310 linguae
659 2244 781 2292 earum
797 2243 914 2312 aeque
938 2221 1063 2312 rudes,
1089 2220 1196 2289 ubso-

61 2377 133 2423 nae
155 2362 193 2422 et
211 2354 283 2423 situ
302 2355 483 2444 obtectae,
517 2379 640 2426 rerum
658 2360 819 2431 notionis
838 2367 874 2426 et
892 2359 1099 2442 verborum,
1135 2363 1199 2425 aut

61 2491 98 2560 si
120 2489 284 2558 malimus
305 2492 498 2560 verborum
520 2501 556 2559 et
584 2515 705 2561 rerum
723 2516 988 2584 usquequaque
1016 2485 1199 2582 egentes?

60 2623 144 2693 Isto
164 2621 352 2695 hominum
369 2627 616 2715 sermonisque
632 2627 852 2716 incultuper
872 2624 1008 2707 omnia,
1037 2630 1098 2693 aut
1109 2644 1199 2693 uun-

64 2781 181 2851 quam
206 2746 349 2848 forsan,
396 2770 458 2830 aut
489 2759 681 2853 permultis
715 2758 871 2829 saeculis
897 2761 1080 2852 posterius
1106 2758 1202 2829 haee

66 2896 200 2964 aetatis
219 2905 366 2966 nostrae
389 2882 597 2967 humanitas
617 2904 654 2965 et
670 2894 734 2965 hie
750 2919 872 2965 rerum
892 2896 1005 2966 decor
1020 2897 1202 2990 postlimi-

65 3031 130 3098 nio
150 3031 250 3100 velut
270 3033 432 3134 quodum
450 3034 634 3120 rediisset,
670 3031 976 3124 quemadmodum
991 3033 1031 3100 in
1054 3031 1203 3124 populis

68 3165 161 3234 feris
181 3163 373 3256 hueusque
394 3170 562 3239 accidere
581 3167 757 3238 videmus.
792 3165 868 3236 Sed
888 3175 1101 3260 supererant
1118 3165 1204 3233 reli·

68 3300 184 3389 quiae
215 3300 435 3392 quaedame
465 3327 631 3375 sermone
649 3304 787 3390 latino,
824 3323 908 3370 nam
931 3323 1085 3394 graecus
1115 3318 1204 3388 gen·

68 3433 173 3503 tibus
194 3437 305 3504 vastis
325 3436 448 3507 adhue
469 3441 585 3532 magis
614 3438 823 3532 impervius,
844 3416 894 3506 ¹ac
915 3439 1017 3506 tricis
1044 3436 1122 3526 jam
1138 3430 1206 3522 bys

73 3571 232 3653 sentinis
254 3580 309 3640 sat
330 3570 501 3666 hispidus
523 3584 613 3662 erat,
641 3583 813 3667 corrupto
832 3573 909 3645 ,illo
931 3569 1103 3662 quidem,
1138 3585 1208 3636 nee

66 3713 200 3773 tamen
219 3707 379 3776 notionis
389 3733 509 3779 rerum
540 3711 678 3807 optime
698 3713 924 3780 inventarum
935 3712 1096 3794 experte.
1119 3702 1210 3772 Pro-

72 3847 217 3931 pagata
247 3840 295 3913 ad
313 3865 379 3912 nos
409 3845 580 3914 divinitus
603 3869 789 3915 sacrorum
809 3842 1091 3912 christianorum
1122 3837 1211 3907 doe·

75 3976 180 4043 trina
202 3978 452 4068 saluberrima,
481 4004 597 4059 sermo
613 3980 677 4051 hie
694 3980 801 4050 simul
816 3981 934 4048 Roma
952 3977 1148 4063 etreliqua
1169 3992 1215 4040 ex

76 4109 195 4180 Italia
212 4119 313 4184 trans
323 4115 439 4210 Alpes
456 4116 647 4189 traductus
667 4126 735 4204 est,
756 4123 793 4185 et
810 4090 924 4208 pdulo
942 4119 1042 4219 post,
1060 4102 1215 4176 Pontifi-

695 4247 746 4322 qs
