2662 4456
529 180 534 189 .
664 40 735 139 Ι

1158 110 1201 204 5'7

72 336 127 388 ac'
146 314 235 388 inde
253 317 546 409 'perturbatiores
576 336 701 386 eorum
732 322 850 385 motus
889 300 1042 387 existere
1071 319 1201 389 solent.

69 441 173 512 Nihil
194 452 314 512 autem
343 444 525 551 constanti
556 440 752 511 affectuum
776 438 1027 514 moderatione
1057 446 1201 536 optabi-

70 565 162 652 lius,
199 574 235 633 et
265 564 312 632 ad
341 587 461 633 veram
492 565 688 654 pietatem,
719 562 900 655 justitiam
926 585 969 631 ac
995 563 1203 637 humanita-

68 686 145 761 tem
181 685 397 773 colendam,
443 694 520 753 turn
559 685 608 751 ud
651 685 750 752 vitae
793 684 910 752 civilis
955 688 1202 775 tranquillite-

70 817 146 875 tem
171 815 208 876 et
231 828 361 898 paoem
387 806 615 874 retinendam
640 806 757 895 magis
781 806 1025 874 necessarium
1045 826 1112 874 nec
1139 829 1202 877 eo-

60 926 181 1023 ·'gitarl
209 932 358 1022 quidem
391 939 525 1020 potest.
578 931 677 1001 Hlno
704 933 812 999 etiam
838 953 965 1000 norma
991 930 1203 1000 instructio-

71 1056 128 1123 nis
167 1066 313 1125 nostrae
348 1056 467 1124 verbis
507 1038 651 1126 disertis
671 1056 867 1148 providit,
903 1080 949 1126 ne
984 1053 1147 1126 themata
1183 1079 1204 1124 a

71 1175 263 1267 discipulis
301 1177 524 1244 elaboranda
559 1179 681 1263 „vires
706 1176 848 1269 ingenii
871 1184 908 1244 et
932 1175 1202 1269 intelligentiae

70 1294 269 1387 „juvenilis
296 1294 509 1387 ullomodo
534 1286 890 1387 transgrediantur.“

165 1414 348 1505 Discipuli
375 1416 591 1502 anno177b,
618 1418 703 1503 226,
730 1418 827 1485 inter
854 1436 945 1505 quos
972 1416 1135 1487 nobil.

222 1570 276 1588 -·
391 1570 446 1588 ·-
494 1538 591 1622 1776,
616 1541 701 1621 227,
752 1573 803 1587 -
878 1569 932 1583 -
987 1568 1040 1587 -·
1077 1538 1131 1606 to.

163 1647 280 1724 Anno
306 1657 401 1724 ¹777.
430 1657 595 1748 Augusta
613 1655 829 1746 Imperatrix
850 1652 1069 1725 directorem
1089 1656 1204 1746 Gym-

68 1776 257 1845 nasiorum
274 1799 342 1868 per
366 1770 582 1849 Bobemiam
608 1778 781 1848 Carolum
806 1777 1007 1848 Henricum'
1024 1777 1157 1868 'Seibt,
1185 1802 1206 1847 e

74 1895 274 1989 disciplina
304 1896 504 1970 Christiani
538 1900 693 1970 Gellerti
718 1900 946 1991 profectum,
982 1901 1205 1988 nominavit,

43 2042 46 2051 ·
75 2024 187 2104 atque
205 2017 278 2086 hac
302 2021 443 2090 ratione
466 2032 507 2090 ut
528 2021 679 2105 ceteris,
706 2022 759 2088 ita
778 2012 904 2089 nostro
932 2042 1078 2110 quoque
1094 2032 1203 2112 'gym-

71 2137 178 2203 nasio
219 2160 351 2207 novum
384 2152 420 2210 et
448 2135 592 2234 insigne
620 2142 838 2209 beneficium
868 2142 1066 2230 praestitit.
1118 2140 1206 2210 Fuit

71 2258 166 2324 euim
180 2257 247 2325 ille
266 2259 314 2326 ad
332 2259 560 2352 dirigendam
574 2263 775 2331 studiorum
786 2262 964 2329 rationem
984 2284 1068 2330 vere
1089 2270 1231 2348 natus.x

169 2377 257 2445 vidi
278 2381 378 2471 ipse,
407 2365 513 2453 annis
537 2385 692 2475 amplius
718 2385 857 2466 tribus,
886 2381 930 2448 ab
959 2381 1037 2472 ejus
1065 2380 1201 2449 docen-

73 2496 125 2563 tis
153 2506 188 2564 et
205 2503 481 2588 pronunciantis
505 2524 567 2571 ore
590 2503 813 2593 pendentem
833 2501 1037 2568 confertum
1056 2502 1205 2570 audieu-

72 2616 166 2683 tium
192 2627 357 2708 coctum,
385 2622 501 2691 omnis
526 2618 643 2714 prope
672 2610 819 2704 aetatis,
848 2620 963 2685 omnis
992 2628 1028 2685 et
1055 2620 1203 2689 nobilis-

72 2737 155 2806 simi
192 2765 335 2832 quoque
372 2743 533 2830 ordinis,
572 2743 674 2830 cleri,
712 2750 748 2809 et
784 2740 846 2830 qui
882 2740 1033 2808 militiae
1061 2739 1205 2810 ordines

76 2858 284 2948 ducebant,
320 2872 527 2933 tantaerat
554 2865 779 2954 argumenti,
818 2861 864 2927 de
891 2884 963 2949 quo
991 2862 1205 2950 disserebat,

73 2985 233 3070 gravitas
261 2993 297 3052 et
325 2987 372 3053 ad
397 2986 519 3054 omnes
555 2987 717 3070 utilitas,
752 2993 854 3052 tanta
889 2983 1026 3074 eloquii
1062 2987 1202 3077 puritas

74 3104 345 3196 etelegantia,
373 3116 448 3175 tam
473 3117 577 3199 grata
595 3108 753 3198 denique
778 3110 1028 3197 pronuntiatio
1055 3116 1091 3174 et
1118 3115 1204 3196 apta

74 3220 125 3288 ad
150 3223 368 3315 dignitatem
394 3230 474 3318 ipsa
500 3229 572 3295 oris
608 3238 644 3296 et
672 3229 835 3316 corporis
863 3229 1125 3311 conformatio,
1161 3233 1203 3291 ut

72 3344 253 3413 neminem
279 3356 382 3417 tanta
407 3348 636 3436 frequentia,
672 3346 745 3413 hoc
771 3345 893 3414 studio
929 3357 964 3415 et
990 3347 1061 3416 hac
1089 3342 1202 3410 admi-

38 3468 42 3473 '
70 3461 215 3534 ratione
242 3477 279 3537 et
303 3468 377 3537 hoc
402 3470 572 3560 profectu
599 3466 647 3536 ad
673 3468 823 3558 egregia
852 3488 1019 3557 quaeque
1042 3470 1202 3552 unquam

73 3580 176 3678 apud
201 3610 266 3656 uos
294 3590 456 3660 auditum
481 3591 593 3658 fuisse
620 3589 852 3656 meminerim.

166 3712 311 3807 ingenii
346 3726 382 3784 et
417 3718 527 3786 animi
554 3715 698 3789 dotibus
723 3736 811 3805 prae
838 3712 968 3780 ceteris
996 3711 1200 3798 excellens,

69 3856 209 3904 summa
229 3836 327 3927 apud
354 3859 477 3906 omnes
502 3839 648 3906 valebat
674 3835 902 3920 anctoritate,
931 3842 967 3902 et
992 3844 1081 3906 nutu
1107 3836 1199 3921 solo,

71 3957 105 4025 si
131 3979 222 4050 opus
250 3967 371 4044 esset,
398 3958 447 4026 ad
472 3969 572 4030 recta
598 3967 635 4028 et
658 3956 812 4027 honesta
838 3956 991 4049 regebat
1018 3958 1166 4026 animos.
