2662 4456
106 159 149 230 20

103 338 281 433 Pragensi
308 337 442 422 electo,
462 358 483 404 a
500 333 666 404 Ditrnaro
686 335 774 405 inde
787 333 878 426 jam,
908 337 1080 408 laetantis
1100 346 1137 407 et
1156 359 1243 431 con·

105 461 323 556 gratulantis
350 458 469 525 verbis
498 455 643 526 disertis
669 461 891 529 mentionem
919 461 1057 551 ubique
1084 460 1207 530 faciat.

197 584 351 651 Praeter
376 576 470 647 haec
497 580 640 646 omnia:

197 700 428 789 „Sententia
441 722 552 788 quam
562 697 711 766 Cosmus
721 699 802 790 ipse
813 699 859 768 de
870 699 999 769 studiis
1008 702 1132 785 latinis
1144 707 1244 767 aeta·

103 825 248 892 tis-suae
265 823 302 890 in
321 821 550 912 praefatione
570 827 605 886 et
625 821 664 886 in
684 820 932 911 epilogo-Lib.
944 820 973 888 Ι.
985 821 1245 890 chronicorum

104 941 374 1034 quodammodo
394 940 477 1026 fert,
489 940 818 1009 luculentissimum
827 943 1242 1033 praebettestimonium

104 1066 178 1133 ista
192 1063 291 1155 apud
304 1082 369 1129 nos
389 1069 472 1129 ante
494 1062 721 1129 annnm1068
732 1084 805 1130 non
821 1072 961 1133 tantum
982 1067 1161 1154 coepisse,
1174 1061 1241 1130 sed
1273 1042 1275 1049 Α

104 1188 214 1255 etiam
238 1204 307 1276 pro
328 1191 533 1274 temporum
550 1184 691 1250 ratione
712 1193 882 1272 promota
899 1185 1024 1254 fuisse.
1048 1184 1130 1253 Non
1148 1186 1244 1253 enim

100 1307 167 1375 ille
185 1302 413 1374 solummodo
422 1305 594 1391 lectores,
606 1302 673 1371 sed
692 1310 907 1374 et-oensores
922 1307 1069 1396 scriptis
1089 1307 1161 1374 suis
1180 1328 1242 1373 ex·

102 1433 241 1520 pectat.
271 1424 329 1492 Ita
346 1425 385 1491 in
402 1425 632 1514 praefatione
651 1423 699 1492 ad
712 1425 927 1496 Gervasium
944 1427 1163 1520 Magistrum
1185 1425 1243 1492 di·

104 1549 207 1635 „citr
229 1545 463 1633 „chronicon
483 1569 586 1613 snum
606 1545 709 1614 nullo
727 1551 987 1638 grammaticae
1006 1549 1094 1615 artis
1113 1547 1242 1637 lepore

102 1667 286 1757 „politum
301 1674 337 1732 et
346 1665 407 1733 vix
425 1665 539 1731 latine
553 1665 751 1755 digestum,
763 1690 806 1736 ac
827 1670 896 1736 nisi
909 1693 929 1735 a
940 1670 1115 1736 Gervasio
1135 1668 1240 1734 lima·

100 1796 207 1872 „tum
220 1787 343 1872 fuerit,
359 1785 514 1853 omnino
537 1786 784 1878 abjiciendum
801 1788 920 1856 esse.“
948 1787 1087 1855 Porror
1116 1789 1241 1874 „scire

100 1929 188 1994 „se,
225 1907 422 1975 nonnullos
451 1906 604 1974 adfore
631 1908 815 1995 aemulos,
854 1909 918 1998 qui
946 1908 1138 1977 derideant
1164 1907 1240 1975 for·

100 2051 226 2115 „mam
260 2026 357 2097 hanc
394 2028 629 2119 scriptionis,
683 2015 719 2095 et
754 2052 798 2097 ea
834 2030 1062 2098 solummodo
1097 2029 1239 2118 lynceis

73 2149 248 2234 „oculis
274 2149 494 2240 inspiciant,
541 2172 635 2239 qnae
671 2158 753 2217 sunt
789 2150 889 2220 dicta
916 2151 1138 2242 improprie,
1175 2157 1239 2216 aut

97 2268 189 2355 „ubi
223 2292 322 2338 mens
360 2271 551 2339 scribentis
585 2270 795 2338 titubavit.“
848 2272 892 2337 ln
927 2272 1076 2361 epilogo
1115 2277 1238 2336 autem

97 2386 183 2459 Lib.
208 2387 240 2477 1,
267 2400 463 2482 postquam
490 2389 571 2481 ipse
598 2388 802 2458 chronicon
829 2415 931 2461 snum
967 2390 1088 2479 „styli
1123 2389 1233 2456 rusti-

99 2510 221 2591 citatis
234 2509 259 2548 “
295 2519 332 2579 et
367 2511 472 2600 quasi
506 2511 739 2603 insipientiae
774 2513 929 2615 alicujus
962 2509 1233 2590 insimulasset3

97 2631 287 2701 versiculis
315 2631 426 2700 etiarn
453 2633 541 2718 suis,
568 2632 725 2702 leoninis
744 2656 875 2727 nempe
893 2633 981 2719 illis,
1007 2631 1151 2700 veniam
1168 2651 1236 2720 pe-

95 2752 164 2836 tit,
202 2770 275 2817 non
301 2751 412 2840 plane
438 2753 587 2820 inficeto
612 2753 670 2821 his
696 2755 839 2822 verbis:
886 2752 1025 2840 „Quod
1052 2758 1172 2818 autem
1196 2751 1238 2818 in

96 2869 344 2959 „quibusdam
369 2870 461 2939 locis
491 2873 596 2960 qnasi
623 2874 794 2941 metricos
813 2895 936 2940 versus
956 2871 1109 2957 invenis,
1137 2869 1233 2938 scias

98 3012 184 3077 „me
209 2991 367 3058 scienter
394 2990 558 3059 nescium
584 2990 731 3080 fecisse,
760 2992 846 3062 dnm
872 2993 946 3061 feci
971 2989 1136 3061 versus.“

191 3107 301 3177 Certe
327 3133 400 3177 non
424 3111 572 3200 penitus
600 3133 754 3182 coccum
780 3124 817 3182 et
842 3113 935 3183 rude
960 3112 1078 3179 fuerat
1105 3128 1233 3178 saecu-

97 3232 187 3321 lum,
214 3230 281 3301 sed
305 3228 544 3322 praecedenti
565 3232 644 3325 jam
669 3240 835 3324 tempore
862 3231 1033 3303 nonnihil
1051 3231 1231 3315 limatum,

96 3375 170 3443 quo
199 3374 351 3424 censura
378 3360 415 3421 et
441 3352 679 3445 reprehensio
706 3354 754 3423 ob
781 3355 915 3445 stylum
932 3343 1049 3422 min'us
1077 3351 1232 3419 latinum

97 3483 134 3541 et
159 3477 273 3545 verba
297 3494 371 3543 non
396 3475 561 3566 propria,
587 3476 758 3568 scriptori
785 3476 915 3564 alicui,
949 3474 1050 3543 velut
1077 3470 1231 3542 Cosmae

96 3601 222 3662 nostro
250 3594 343 3664 adeo
369 3594 644 3667 reformidanda
669 3604 758 3667 erat.

188 3711 508 3804 supervacaneum
551 3719 697 3789 omnino
733 3725 850 3803 esset,
903 3715 1071 3806 pluribus
1107 3709 1230 3781 adhuc

93 3832 310 3902 testimoniis
335 3839 506 3929 probare,
535 3840 657 3908 studia
681 3839 796 3907 latina
823 3838 870 3907 ad
895 3836 941 3907 l).
969 3838 1045 3921 Viti
1079 3836 1118 3902 in
1146 3851 1230 3899 arce

91 3953 269 4045 Pragensi
296 3956 342 4024 ab
371 3982 464 4027 anno
481 3957 560 4049 jam
577 3959 655 4028 fere
676 3961 752 4045 968,
778 3968 889 4051 prout
916 3959 1060 4027 scilicet
1085 3962 1228 4040 tempo-

96 4097 139 4144 ra
164 4076 232 4146 illa
258 4075 465 4166 ferebant‚.
484 4079 704 4165 obtinuisse,
737 4079 779 4148 id
805 4080 923 4152 solum
947 4076 1078 4170 paucis
1104 4068 1228 4140 adhuc

447 4350 544 4384 -k
