<?xml version="1.0" encoding="UTF-8"?>
<!DOCTYPE html PUBLIC "-//W3C//DTD XHTML 1.0 Transitional//EN"
    "http://www.w3.org/TR/xhtml1/DTD/xhtml1-transitional.dtd">
<html xmlns="http://www.w3.org/1999/xhtml" xml:lang="en" lang="en">
 <head>
  <title>
</title>
<meta http-equiv="Content-Type" content="text/html;charset=utf-8" />
  <meta name='ocr-system' content='tesseract 3.04.00' />
  <meta name='ocr-capabilities' content='ocr_page ocr_carea ocr_par ocr_line ocrx_word'/>
</head>
<body>
  <div class='ocr_page' id='page_1' title='image "./analectahistori00kaubgoog_0042.png"; bbox 0 0 2640 4448; ppageno 0'>
   <div class='ocr_carea' id='block_1_1' title="bbox 1187 133 1233 207">
    <p class='ocr_par' dir='ltr' id='par_1_1' title="bbox 1187 133 1233 207">
     <span class='ocr_line' id='line_1_1' title="bbox 1187 133 1233 207; baseline 0 0"><span class='ocrx_word' id='word_1_1' title='bbox 1187 133 1233 207; x_wconf 75' lang='grc'><strong>35</strong></span> 
     </span>
    </p>
   </div>
   <div class='ocr_carea' id='block_1_2' title="bbox 85 304 1229 891">
    <p class='ocr_par' dir='ltr' id='par_1_2' title="bbox 85 304 1229 891">
     <span class='ocr_line' id='line_1_2' title="bbox 88 304 1227 406; baseline 0.004 -19"><span class='ocrx_word' id='word_1_2' title='bbox 88 314 277 406; x_wconf 82' lang='lat' dir='ltr'><strong>„cheon</strong></span> <span class='ocrx_word' id='word_1_3' title='bbox 292 308 429 399; x_wconf 76' lang='lat' dir='ltr'><strong>ludex,</strong></span> <span class='ocrx_word' id='word_1_4' title='bbox 450 304 598 381; x_wconf 86' lang='lat' dir='ltr'><strong>tributa.</strong></span> <span class='ocrx_word' id='word_1_5' title='bbox 624 306 695 382; x_wconf 77' lang='lat' dir='ltr'><strong>vix</strong></span> <span class='ocrx_word' id='word_1_6' title='bbox 717 308 829 381; x_wconf 82' lang='lat' dir='ltr'><strong>nuum</strong></span> <span class='ocrx_word' id='word_1_7' title='bbox 847 332 1006 385; x_wconf 88' lang='lat' dir='ltr'><strong>mensem</strong></span> <span class='ocrx_word' id='word_1_8' title='bbox 1024 314 1133 388; x_wconf 88' lang='lat' dir='ltr'><strong>ludus</strong></span> <span class='ocrx_word' id='word_1_9' title='bbox 1152 314 1227 393; x_wconf 82' lang='lat' dir='ltr'><strong>fre·</strong></span> 
     </span>
     <span class='ocr_line' id='line_1_3' title="bbox 85 432 1226 528; baseline 0.006 -25"><span class='ocrx_word' id='word_1_10' title='bbox 85 434 375 528; x_wconf 64' lang='lat' dir='ltr'><strong>„quentabuiun</strong></span> <span class='ocrx_word' id='word_1_11' title='bbox 402 452 485 501; x_wconf 91' lang='lat' dir='ltr'><strong>cum</strong></span> <span class='ocrx_word' id='word_1_12' title='bbox 513 432 618 524; x_wconf 90' lang='lat' dir='ltr'><strong>pueri</strong></span> <span class='ocrx_word' id='word_1_13' title='bbox 637 433 762 525; x_wconf 85' lang='lat' dir='ltr'><strong>plures</strong></span> <span class='ocrx_word' id='word_1_14' title='bbox 791 432 957 506; x_wconf 91' lang='lat' dir='ltr'><strong>ducentis</strong></span> <span class='ocrx_word' id='word_1_15' title='bbox 986 439 1226 510; x_wconf 88' lang='lat' dir='ltr'><strong>numeraban-</strong></span> 
     </span>
     <span class='ocr_line' id='line_1_4' title="bbox 86 552 1227 651; baseline 0.004 -26"><span class='ocrx_word' id='word_1_16' title='bbox 86 566 193 644; x_wconf 87' lang='lat' dir='ltr'><strong>„tur,</strong></span> <span class='ocrx_word' id='word_1_17' title='bbox 225 555 289 647; x_wconf 77' lang='lat' dir='ltr'><strong>qul</strong></span> <span class='ocrx_word' id='word_1_18' title='bbox 313 552 379 623; x_wconf 87' lang='lat' dir='ltr'><strong>sub</strong></span> <span class='ocrx_word' id='word_1_19' title='bbox 400 561 609 623; x_wconf 77' lang='lat' dir='ltr'><strong>autumnum</strong></span> <span class='ocrx_word' id='word_1_20' title='bbox 635 561 718 621; x_wconf 88' lang='lat' dir='ltr'><strong>ante</strong></span> <span class='ocrx_word' id='word_1_21' title='bbox 737 553 888 623; x_wconf 84' lang='lat' dir='ltr'><strong>solenne</strong></span> <span class='ocrx_word' id='word_1_22' title='bbox 916 555 1103 627; x_wconf 86' lang='lat' dir='ltr'><strong>literarum</strong></span> <span class='ocrx_word' id='word_1_23' title='bbox 1116 557 1227 651; x_wconf 83' lang='lat' dir='ltr'><strong>justi-</strong></span> 
     </span>
     <span class='ocr_line' id='line_1_5' title="bbox 85 671 1229 766; baseline 0.005 -22"><span class='ocrx_word' id='word_1_24' title='bbox 85 677 213 764; x_wconf 81' lang='lat' dir='ltr'><strong>„tium</strong></span> <span class='ocrx_word' id='word_1_25' title='bbox 224 675 447 744; x_wconf 86' lang='lat' dir='ltr'><strong>deHumana</strong></span> <span class='ocrx_word' id='word_1_26' title='bbox 463 673 655 766; x_wconf 86' lang='lat' dir='ltr'><strong>Sapientia</strong></span> <span class='ocrx_word' id='word_1_27' title='bbox 672 671 870 743; x_wconf 73' lang='lat' dir='ltr'><strong>dramatico</strong></span> <span class='ocrx_word' id='word_1_28' title='bbox 890 682 926 743; x_wconf 91' lang='lat' dir='ltr'><strong>et</strong></span> <span class='ocrx_word' id='word_1_29' title='bbox 953 676 1046 746; x_wconf 87' lang='lat' dir='ltr'><strong>adeo</strong></span> <span class='ocrx_word' id='word_1_30' title='bbox 1063 678 1229 751; x_wconf 90' lang='lat' dir='ltr'><strong>bellelu-</strong></span> 
     </span>
     <span class='ocr_line' id='line_1_6' title="bbox 85 790 1228 891; baseline 0.005 -25"><span class='ocrx_word' id='word_1_31' title='bbox 85 806 243 886; x_wconf 82' lang='lat' dir='ltr'><strong>„serunt</strong></span> <span class='ocrx_word' id='word_1_32' title='bbox 260 790 309 888; x_wconf 82' lang='lat'><strong>*),</strong></span> <span class='ocrx_word' id='word_1_33' title='bbox 335 803 377 864; x_wconf 90' lang='lat' dir='ltr'><strong>nt</strong></span> <span class='ocrx_word' id='word_1_34' title='bbox 395 797 500 866; x_wconf 84' lang='lat' dir='ltr'><strong>cives</strong></span> <span class='ocrx_word' id='word_1_35' title='bbox 512 793 600 865; x_wconf 86' lang='lat' dir='ltr'><strong>iude</strong></span> <span class='ocrx_word' id='word_1_36' title='bbox 623 792 797 864; x_wconf 86' lang='lat' dir='ltr'><strong>commoti</strong></span> <span class='ocrx_word' id='word_1_37' title='bbox 816 797 983 867; x_wconf 75' lang='lat' dir='ltr'><strong>certatim</strong></span> <span class='ocrx_word' id='word_1_38' title='bbox 1000 800 1125 891; x_wconf 88' lang='lat' dir='ltr'><strong>proles</strong></span> <span class='ocrx_word' id='word_1_39' title='bbox 1144 823 1228 872; x_wconf 88' lang='lat' dir='ltr'><strong>suas</strong></span> 
     </span>
    </p>
   </div>
   <div class='ocr_carea' id='block_1_3' title="bbox 91 969 374 989">
    <p class='ocr_par' dir='ltr' id='par_1_3' title="bbox 91 969 374 989">
     <span class='ocr_line' id='line_1_7' title="bbox 91 969 374 989; baseline 0 -2"><span class='ocrx_word' id='word_1_40' title='bbox 91 969 374 989; x_wconf 56' lang='lat' dir='ltr'><strong>m</strong></span> 
     </span>
    </p>
   </div>
   <div class='ocr_carea' id='block_1_4' title="bbox 62 1043 1240 4270">
    <p class='ocr_par' dir='ltr' id='par_1_4' title="bbox 62 1043 1231 3253">
     <span class='ocr_line' id='line_1_8' title="bbox 125 1043 1228 1136; baseline -0.001 -23"><span class='ocrx_word' id='word_1_41' title='bbox 125 1045 164 1136; x_wconf 76' lang='lat'><strong>⁴¹)</strong></span> <span class='ocrx_word' id='word_1_42' title='bbox 186 1050 227 1113; x_wconf 79' lang='lat' dir='ltr'><strong>Et</strong></span> <span class='ocrx_word' id='word_1_43' title='bbox 236 1051 325 1112; x_wconf 89' lang='lat' dir='ltr'><strong>animi</strong></span> <span class='ocrx_word' id='word_1_44' title='bbox 337 1047 416 1131; x_wconf 76' lang='lat' dir='ltr'><strong>greti</strong></span> <span class='ocrx_word' id='word_1_45' title='bbox 423 1046 537 1123; x_wconf 80' lang='lat' dir='ltr'><strong>officio,</strong></span> <span class='ocrx_word' id='word_1_46' title='bbox 560 1051 590 1109; x_wconf 89' lang='lat' dir='ltr'><strong>et</strong></span> <span class='ocrx_word' id='word_1_47' title='bbox 607 1043 908 1128; x_wconf 75' lang='lat' dir='ltr'><strong>orcigestaeiprlus</strong></span> <span class='ocrx_word' id='word_1_48' title='bbox 919 1047 1228 1130; x_wconf 75' lang='lat' dir='ltr'><strong>ssrlhteobstrlngl-</strong></span> 
     </span>
     <span class='ocr_line' id='line_1_9' title="bbox 101 1152 1228 1235; baseline -0.003 -15"><span class='ocrx_word' id='word_1_49' title='bbox 101 1189 104 1195; x_wconf 97' lang='lat'><em>·</em></span> <span class='ocrx_word' id='word_1_50' title='bbox 179 1178 263 1230; x_wconf 89' lang='lat' dir='ltr'><strong>mur,</strong></span> <span class='ocrx_word' id='word_1_51' title='bbox 284 1157 402 1219; x_wconf 87' lang='lat' dir='ltr'><strong>nonnisi</strong></span> <span class='ocrx_word' id='word_1_52' title='bbox 427 1152 546 1235; x_wconf 89' lang='lat' dir='ltr'><strong>optima</strong></span> <span class='ocrx_word' id='word_1_53' title='bbox 566 1173 703 1234; x_wconf 82' lang='lat' dir='ltr'><strong>quaeque</strong></span> <span class='ocrx_word' id='word_1_54' title='bbox 729 1158 763 1215; x_wconf 89' lang='lat' dir='ltr'><strong>et</strong></span> <span class='ocrx_word' id='word_1_55' title='bbox 780 1153 1082 1217; x_wconf 77' lang='lat' dir='ltr'><strong>honorificentisslms</strong></span> <span class='ocrx_word' id='word_1_56' title='bbox 1113 1155 1152 1218; x_wconf 92' lang='lat' dir='ltr'><strong>de</strong></span> <span class='ocrx_word' id='word_1_57' title='bbox 1169 1175 1228 1217; x_wconf 87' lang='lat' dir='ltr'><strong>no·</strong></span> 
     </span>
     <span class='ocr_line' id='line_1_10' title="bbox 185 1257 1231 1341; baseline 0.002 -19"><span class='ocrx_word' id='word_1_58' title='bbox 185 1262 259 1322; x_wconf 86' lang='lat' dir='ltr'><strong>stris</strong></span> <span class='ocrx_word' id='word_1_59' title='bbox 283 1260 314 1323; x_wconf 90' lang='lat' dir='ltr'><strong>iu</strong></span> <span class='ocrx_word' id='word_1_60' title='bbox 341 1258 496 1341; x_wconf 69' lang='lat' dir='ltr'><strong>gymnasio</strong></span> <span class='ocrx_word' id='word_1_61' title='bbox 527 1257 818 1337; x_wconf 67' lang='lat' dir='ltr'><strong>praedamnantibus</strong></span> <span class='ocrx_word' id='word_1_62' title='bbox 837 1276 856 1318; x_wconf 88' lang='lat' dir='ltr'><strong>e</strong></span> <span class='ocrx_word' id='word_1_63' title='bbox 873 1259 963 1320; x_wconf 91' lang='lat' dir='ltr'><strong>domo</strong></span> <span class='ocrx_word' id='word_1_64' title='bbox 988 1258 1061 1319; x_wconf 91' lang='lat' dir='ltr'><strong>olim</strong></span> <span class='ocrx_word' id='word_1_65' title='bbox 1090 1259 1231 1340; x_wconf 85' lang='lat' dir='ltr'><strong>prolerss</strong></span> 
     </span>
     <span class='ocr_line' id='line_1_11' title="bbox 183 1363 1228 1445; baseline 0 -16"><span class='ocrx_word' id='word_1_66' title='bbox 183 1369 360 1429; x_wconf 76' lang='lat' dir='ltr'><strong>existimare</strong></span> <span class='ocrx_word' id='word_1_67' title='bbox 378 1373 410 1429; x_wconf 90' lang='lat' dir='ltr'><strong>et</strong></span> <span class='ocrx_word' id='word_1_68' title='bbox 420 1382 670 1427; x_wconf 87' lang='lat' dir='ltr'><strong>commemorare.</strong></span> <span class='ocrx_word' id='word_1_69' title='bbox 714 1364 803 1443; x_wconf 80' lang='lat' dir='ltr'><strong>Quod</strong></span> <span class='ocrx_word' id='word_1_70' title='bbox 819 1363 907 1426; x_wconf 90' lang='lat' dir='ltr'><strong>ludos</strong></span> <span class='ocrx_word' id='word_1_71' title='bbox 918 1363 1228 1445; x_wconf 86' lang='lat' dir='ltr'><strong>itaquedramatlcos‚</strong></span> 
     </span>
     <span class='ocr_line' id='line_1_12' title="bbox 151 1472 1229 1559; baseline 0.001 -24"><span class='ocrx_word' id='word_1_72' title='bbox 151 1549 156 1559; x_wconf 30' lang='grc' dir='ltr'>ι</span> <span class='ocrx_word' id='word_1_73' title='bbox 184 1472 215 1535; x_wconf 90' lang='lat' dir='ltr'><strong>ln</strong></span> <span class='ocrx_word' id='word_1_74' title='bbox 247 1476 378 1536; x_wconf 85' lang='lat' dir='ltr'><strong>decursu</strong></span> <span class='ocrx_word' id='word_1_75' title='bbox 408 1473 467 1533; x_wconf 92' lang='lat' dir='ltr'><strong>hoc</strong></span> <span class='ocrx_word' id='word_1_76' title='bbox 496 1472 595 1535; x_wconf 88' lang='lat' dir='ltr'><strong>adhuc</strong></span> <span class='ocrx_word' id='word_1_77' title='bbox 631 1489 842 1552; x_wconf 82' lang='lat' dir='ltr'><strong>nonnunquam</strong></span> <span class='ocrx_word' id='word_1_78' title='bbox 875 1472 1069 1534; x_wconf 84' lang='lat' dir='ltr'><strong>nominandos</strong></span> <span class='ocrx_word' id='word_1_79' title='bbox 1097 1473 1229 1553; x_wconf 84' lang='lat' dir='ltr'><strong>adtinet,</strong></span> 
     </span>
     <span class='ocr_line' id='line_1_13' title="bbox 185 1565 1229 1659; baseline 0.002 -20"><span class='ocrx_word' id='word_1_80' title='bbox 185 1577 261 1639; x_wconf 88' lang='lat' dir='ltr'><strong>baec</strong></span> <span class='ocrx_word' id='word_1_81' title='bbox 292 1598 351 1659; x_wconf 88' lang='lat' dir='ltr'><strong>per</strong></span> <span class='ocrx_word' id='word_1_82' title='bbox 388 1583 488 1639; x_wconf 89' lang='lat' dir='ltr'><strong>totum</strong></span> <span class='ocrx_word' id='word_1_83' title='bbox 527 1575 654 1637; x_wconf 89' lang='lat' dir='ltr'><strong>notunda</strong></span> <span class='ocrx_word' id='word_1_84' title='bbox 689 1575 800 1638; x_wconf 75' lang='lat' dir='ltr'><strong>vellmr</strong></span> <span class='ocrx_word' id='word_1_85' title='bbox 832 1572 863 1638; x_wconf 88' lang='lat'><strong>1.</strong></span> <span class='ocrx_word' id='word_1_86' title='bbox 881 1565 1108 1638; x_wconf 79' lang='lat' dir='ltr'><strong>Exhihebantur</strong></span> <span class='ocrx_word' id='word_1_87' title='bbox 1136 1577 1182 1639; x_wconf 91' lang='lat' dir='ltr'><strong>illl</strong></span> <span class='ocrx_word' id='word_1_88' title='bbox 1210 1596 1229 1641; x_wconf 95' lang='lat' dir='ltr'><strong>s</strong></span> 
     </span>
     <span class='ocr_line' id='line_1_14' title="bbox 180 1681 1228 1766; baseline 0.004 -22"><span class='ocrx_word' id='word_1_89' title='bbox 180 1684 337 1766; x_wconf 79' lang='lat' dir='ltr'><strong>discipulis</strong></span> <span class='ocrx_word' id='word_1_90' title='bbox 359 1703 501 1746; x_wconf 88' lang='lat' dir='ltr'><strong>sermone</strong></span> <span class='ocrx_word' id='word_1_91' title='bbox 524 1683 638 1757; x_wconf 88' lang='lat' dir='ltr'><strong>latino,</strong></span> <span class='ocrx_word' id='word_1_92' title='bbox 672 1682 766 1764; x_wconf 78' lang='lat' dir='ltr'><strong>igitur</strong></span> <span class='ocrx_word' id='word_1_93' title='bbox 797 1681 863 1764; x_wconf 84' lang='lat' dir='ltr'><strong>Jam</strong></span> <span class='ocrx_word' id='word_1_94' title='bbox 890 1683 958 1744; x_wconf 89' lang='lat' dir='ltr'><strong>ideo</strong></span> <span class='ocrx_word' id='word_1_95' title='bbox 983 1685 1080 1764; x_wconf 78' lang='lat' dir='ltr'><strong>magis</strong></span> <span class='ocrx_word' id='word_1_96' title='bbox 1109 1685 1228 1748; x_wconf 84' lang='lat' dir='ltr'><strong>innocui</strong></span> 
     </span>
     <span class='ocr_line' id='line_1_15' title="bbox 178 1789 1227 1875; baseline 0.001 -22"><span class='ocrx_word' id='word_1_97' title='bbox 178 1799 285 1865; x_wconf 80' lang='lat' dir='ltr'><strong>eraut,</strong></span> <span class='ocrx_word' id='word_1_98' title='bbox 318 1798 350 1856; x_wconf 92' lang='lat' dir='ltr'><strong>et</strong></span> <span class='ocrx_word' id='word_1_99' title='bbox 384 1792 422 1854; x_wconf 93' lang='lat' dir='ltr'><strong>sd</strong></span> <span class='ocrx_word' id='word_1_100' title='bbox 450 1790 691 1875; x_wconf 72' lang='lat' dir='ltr'><strong>exercitationem</strong></span> <span class='ocrx_word' id='word_1_101' title='bbox 721 1790 868 1870; x_wconf 80' lang='lat' dir='ltr'><strong>quandam</strong></span> <span class='ocrx_word' id='word_1_102' title='bbox 895 1789 1105 1854; x_wconf 73' lang='lat' dir='ltr'><strong>scholasticam</strong></span> <span class='ocrx_word' id='word_1_103' title='bbox 1130 1792 1227 1873; x_wconf 89' lang='lat' dir='ltr'><strong>perti·</strong></span> 
     </span>
     <span class='ocr_line' id='line_1_16' title="bbox 182 1878 1228 1976; baseline 0.001 -17"><span class='ocrx_word' id='word_1_104' title='bbox 182 1903 301 1959; x_wconf 87' lang='lat' dir='ltr'><strong>nentes.</strong></span> <span class='ocrx_word' id='word_1_105' title='bbox 356 1896 390 1963; x_wconf 78' lang='lat'><strong>2.</strong></span> <span class='ocrx_word' id='word_1_106' title='bbox 429 1896 599 1976; x_wconf 77' lang='lat' dir='ltr'><strong>Cogiterlnt</strong></span> <span class='ocrx_word' id='word_1_107' title='bbox 626 1894 725 1957; x_wconf 87' lang='lat' dir='ltr'><strong>nostri</strong></span> <span class='ocrx_word' id='word_1_108' title='bbox 751 1878 796 1955; x_wconf 90' lang='lat' dir='ltr'><strong>llll</strong></span> <span class='ocrx_word' id='word_1_109' title='bbox 833 1912 1046 1975; x_wconf 72' lang='lat' dir='ltr'><strong>praecessores</strong></span> <span class='ocrx_word' id='word_1_110' title='bbox 1075 1915 1134 1959; x_wconf 85' lang='lat' dir='ltr'><strong>uon</strong></span> <span class='ocrx_word' id='word_1_111' title='bbox 1157 1899 1228 1960; x_wconf 89' lang='lat' dir='ltr'><strong>sbs·</strong></span> 
     </span>
     <span class='ocr_line' id='line_1_17' title="bbox 181 1997 1228 2078; baseline 0.004 -18"><span class='ocrx_word' id='word_1_112' title='bbox 181 2018 242 2078; x_wconf 89' lang='lat' dir='ltr'><strong>qno</strong></span> <span class='ocrx_word' id='word_1_113' title='bbox 268 2000 352 2062; x_wconf 90' lang='lat' dir='ltr'><strong>omui</strong></span> <span class='ocrx_word' id='word_1_114' title='bbox 378 2001 520 2078; x_wconf 85' lang='lat' dir='ltr'><strong>ratione,</strong></span> <span class='ocrx_word' id='word_1_115' title='bbox 551 1998 722 2077; x_wconf 81' lang='lat' dir='ltr'><strong>acquisitu</strong></span> <span class='ocrx_word' id='word_1_116' title='bbox 746 1997 808 2058; x_wconf 88' lang='lat' dir='ltr'><strong>illls</strong></span> <span class='ocrx_word' id='word_1_117' title='bbox 834 1997 949 2077; x_wconf 85' lang='lat' dir='ltr'><strong>aliquid</strong></span> <span class='ocrx_word' id='word_1_118' title='bbox 976 2000 1168 2062; x_wconf 80' lang='lat' dir='ltr'><strong>dexteritatis</strong></span> <span class='ocrx_word' id='word_1_119' title='bbox 1197 2002 1228 2064; x_wconf 90' lang='lat' dir='ltr'><strong>in</strong></span> 
     </span>
     <span class='ocr_line' id='line_1_18' title="bbox 180 2102 1227 2189; baseline 0.003 -23"><span class='ocrx_word' id='word_1_120' title='bbox 180 2107 299 2168; x_wconf 88' lang='lat' dir='ltr'><strong>actione</strong></span> <span class='ocrx_word' id='word_1_121' title='bbox 316 2112 364 2172; x_wconf 18' lang='lat' dir='ltr'><strong>,et</strong></span> <span class='ocrx_word' id='word_1_122' title='bbox 387 2106 624 2189; x_wconf 80' lang='lat' dir='ltr'><strong>declamatione3</strong></span> <span class='ocrx_word' id='word_1_123' title='bbox 661 2102 695 2168; x_wconf 78' lang='lat'><strong>3.</strong></span> <span class='ocrx_word' id='word_1_124' title='bbox 735 2112 925 2185; x_wconf 76' lang='lat' dir='ltr'><strong>srgumenta,</strong></span> <span class='ocrx_word' id='word_1_125' title='bbox 956 2125 1075 2168; x_wconf 89' lang='lat' dir='ltr'><strong>morum</strong></span> <span class='ocrx_word' id='word_1_126' title='bbox 1110 2109 1227 2169; x_wconf 87' lang='lat' dir='ltr'><strong>ratione</strong></span> 
     </span>
     <span class='ocr_line' id='line_1_19' title="bbox 180 2206 1228 2294; baseline 0.003 -20"><span class='ocrx_word' id='word_1_127' title='bbox 180 2212 292 2290; x_wconf 86' lang='lat' dir='ltr'><strong>habita,</strong></span> <span class='ocrx_word' id='word_1_128' title='bbox 309 2218 395 2287; x_wconf 83' lang='lat' dir='ltr'><strong>certe</strong></span> <span class='ocrx_word' id='word_1_129' title='bbox 412 2212 628 2294; x_wconf 89' lang='lat' dir='ltr'><strong>probatissima</strong></span> <span class='ocrx_word' id='word_1_130' title='bbox 639 2215 755 2272; x_wconf 88' lang='lat' dir='ltr'><strong>tantum</strong></span> <span class='ocrx_word' id='word_1_131' title='bbox 769 2211 938 2291; x_wconf 71' lang='lat' dir='ltr'><strong>eligebantr</strong></span> <span class='ocrx_word' id='word_1_132' title='bbox 958 2206 1146 2276; x_wconf 79' lang='lat' dir='ltr'><strong>4.1’atebant</strong></span> <span class='ocrx_word' id='word_1_133' title='bbox 1157 2221 1228 2277; x_wconf 84' lang='lat' dir='ltr'><strong>tunc</strong></span> 
     </span>
     <span class='ocr_line' id='line_1_20' title="bbox 62 2302 1227 2400; baseline 0.003 -22"><span class='ocrx_word' id='word_1_134' title='bbox 62 2302 66 2309; x_wconf 68' lang='grc'>’</span> <span class='ocrx_word' id='word_1_135' title='bbox 179 2318 278 2379; x_wconf 83' lang='grc' dir='ltr'>ιιιίιιιιι</span> <span class='ocrx_word' id='word_1_136' title='bbox 298 2317 417 2379; x_wconf 90' lang='lat' dir='ltr'><strong>theatra</strong></span> <span class='ocrx_word' id='word_1_137' title='bbox 434 2316 565 2396; x_wconf 85' lang='lat' dir='ltr'><strong>publica,</strong></span> <span class='ocrx_word' id='word_1_138' title='bbox 585 2322 617 2380; x_wconf 90' lang='lat' dir='ltr'><strong>et</strong></span> <span class='ocrx_word' id='word_1_139' title='bbox 626 2317 747 2377; x_wconf 90' lang='lat' dir='ltr'><strong>occasio</strong></span> <span class='ocrx_word' id='word_1_140' title='bbox 758 2335 795 2377; x_wconf 93' lang='lat' dir='ltr'><strong>cs</strong></span> <span class='ocrx_word' id='word_1_141' title='bbox 809 2315 937 2378; x_wconf 87' lang='lat' dir='ltr'><strong>adeundi</strong></span> <span class='ocrx_word' id='word_1_142' title='bbox 946 2317 1023 2397; x_wconf 87' lang='lat' dir='ltr'><strong>apud</strong></span> <span class='ocrx_word' id='word_1_143' title='bbox 1032 2320 1166 2400; x_wconf 85' lang='lat' dir='ltr'><strong>majores</strong></span> <span class='ocrx_word' id='word_1_144' title='bbox 1174 2338 1227 2381; x_wconf 89' lang='lat' dir='ltr'><strong>no·</strong></span> 
     </span>
     <span class='ocr_line' id='line_1_21' title="bbox 190 2423 1225 2511; baseline 0.003 -28"><span class='ocrx_word' id='word_1_145' title='bbox 190 2429 270 2484; x_wconf 89' lang='lat' dir='ltr'><strong>siros</strong></span> <span class='ocrx_word' id='word_1_146' title='bbox 281 2424 491 2503; x_wconf 85' lang='lat' dir='ltr'><strong>perrarasult.</strong></span> <span class='ocrx_word' id='word_1_147' title='bbox 514 2424 593 2503; x_wconf 81' lang='lat' dir='ltr'><strong>Quid</strong></span> <span class='ocrx_word' id='word_1_148' title='bbox 611 2424 723 2511; x_wconf 80' lang='lat' dir='ltr'><strong>mirum</strong></span> <span class='ocrx_word' id='word_1_149' title='bbox 741 2423 859 2504; x_wconf 83' lang='lat' dir='ltr'><strong>ltaque,</strong></span> <span class='ocrx_word' id='word_1_150' title='bbox 874 2423 900 2484; x_wconf 85' lang='lat' dir='ltr'><strong>si</strong></span> <span class='ocrx_word' id='word_1_151' title='bbox 911 2423 955 2484; x_wconf 94' lang='grc'>1111</span> <span class='ocrx_word' id='word_1_152' title='bbox 964 2427 1060 2486; x_wconf 87' lang='lat' dir='ltr'><strong>scenis</strong></span> <span class='ocrx_word' id='word_1_153' title='bbox 1072 2425 1119 2488; x_wconf 89' lang='lat' dir='ltr'><strong>his</strong></span> <span class='ocrx_word' id='word_1_154' title='bbox 1137 2428 1225 2486; x_wconf 89' lang='lat' dir='ltr'><strong>scho-</strong></span> 
     </span>
     <span class='ocr_line' id='line_1_22' title="bbox 181 2529 1225 2611; baseline 0.002 -20"><span class='ocrx_word' id='word_1_155' title='bbox 181 2530 297 2592; x_wconf 89' lang='lat' dir='ltr'><strong>lasticis</strong></span> <span class='ocrx_word' id='word_1_156' title='bbox 326 2548 511 2611; x_wconf 78' lang='lat' dir='ltr'><strong>magnopere</strong></span> <span class='ocrx_word' id='word_1_157' title='bbox 538 2529 783 2607; x_wconf 87' lang='lat' dir='ltr'><strong>delectabantur,</strong></span> <span class='ocrx_word' id='word_1_158' title='bbox 822 2549 937 2610; x_wconf 87' lang='lat' dir='ltr'><strong>easque</strong></span> <span class='ocrx_word' id='word_1_159' title='bbox 964 2532 1054 2592; x_wconf 84' lang='lat' dir='ltr'><strong>etiem</strong></span> <span class='ocrx_word' id='word_1_160' title='bbox 1072 2531 1108 2592; x_wconf 90' lang='lat' dir='ltr'><strong>ab</strong></span> <span class='ocrx_word' id='word_1_161' title='bbox 1127 2532 1225 2593; x_wconf 83' lang='lat' dir='ltr'><strong>inultis</strong></span> 
     </span>
     <span class='ocr_line' id='line_1_23' title="bbox 94 2632 1227 2715; baseline 0.002 -19"><span class='ocrx_word' id='word_1_162' title='bbox 94 2632 98 2639; x_wconf 85' lang='lat'>&#39;</span> <span class='ocrx_word' id='word_1_163' title='bbox 186 2634 370 2715; x_wconf 84' lang='lat' dir='ltr'><strong>exoptsrlnt,</strong></span> <span class='ocrx_word' id='word_1_164' title='bbox 392 2634 575 2714; x_wconf 86' lang='lat' dir='ltr'><strong>praesertim</strong></span> <span class='ocrx_word' id='word_1_165' title='bbox 585 2652 654 2695; x_wconf 86' lang='lat' dir='ltr'><strong>cum</strong></span> <span class='ocrx_word' id='word_1_166' title='bbox 670 2632 914 2696; x_wconf 86' lang='lat' dir='ltr'><strong>thematacarnm</strong></span> <span class='ocrx_word' id='word_1_167' title='bbox 932 2653 1023 2714; x_wconf 88' lang='lat' dir='ltr'><strong>saepe</strong></span> <span class='ocrx_word' id='word_1_168' title='bbox 1041 2653 1080 2695; x_wconf 87' lang='lat' dir='ltr'><strong>ex</strong></span> <span class='ocrx_word' id='word_1_169' title='bbox 1095 2635 1227 2698; x_wconf 89' lang='lat' dir='ltr'><strong>historia</strong></span> 
     </span>
     <span class='ocr_line' id='line_1_24' title="bbox 89 2738 1224 2820; baseline 0.001 -18"><span class='ocrx_word' id='word_1_170' title='bbox 89 2742 94 2747; x_wconf 83' lang='grc'><strong>’</strong></span> <span class='ocrx_word' id='word_1_171' title='bbox 179 2758 266 2802; x_wconf 87' lang='lat' dir='ltr'><strong>sacrs</strong></span> <span class='ocrx_word' id='word_1_172' title='bbox 286 2741 481 2820; x_wconf 82' lang='lat' dir='ltr'><strong>ducerentur,</strong></span> <span class='ocrx_word' id='word_1_173' title='bbox 504 2760 538 2803; x_wconf 90' lang='lat' dir='ltr'><strong>ac</strong></span> <span class='ocrx_word' id='word_1_174' title='bbox 556 2741 691 2803; x_wconf 87' lang='lat' dir='ltr'><strong>certede</strong></span> <span class='ocrx_word' id='word_1_175' title='bbox 708 2738 845 2802; x_wconf 87' lang='lat' dir='ltr'><strong>moribus</strong></span> <span class='ocrx_word' id='word_1_176' title='bbox 863 2740 1068 2814; x_wconf 85' lang='lat' dir='ltr'><strong>emendandis,</strong></span> <span class='ocrx_word' id='word_1_177' title='bbox 1086 2745 1138 2802; x_wconf 87' lang='lat' dir='ltr'><strong>aut</strong></span> <span class='ocrx_word' id='word_1_178' title='bbox 1162 2742 1224 2803; x_wconf 85' lang='lat' dir='ltr'><strong>sul·</strong></span> 
     </span>
     <span class='ocr_line' id='line_1_25' title="bbox 89 2845 1226 2941; baseline 0.001 -33"><span class='ocrx_word' id='word_1_179' title='bbox 89 2928 93 2941; x_wconf 35' lang='grc' dir='ltr'>Ι</span> <span class='ocrx_word' id='word_1_180' title='bbox 178 2850 241 2908; x_wconf 85' lang='lat' dir='ltr'><strong>tem</strong></span> <span class='ocrx_word' id='word_1_181' title='bbox 268 2846 307 2908; x_wconf 89' lang='lat' dir='ltr'><strong>de</strong></span> <span class='ocrx_word' id='word_1_182' title='bbox 325 2846 512 2928; x_wconf 83' lang='lat' dir='ltr'><strong>adquirends</strong></span> <span class='ocrx_word' id='word_1_183' title='bbox 530 2846 631 2927; x_wconf 82' lang='lat' dir='ltr'><strong>aliqus</strong></span> <span class='ocrx_word' id='word_1_184' title='bbox 648 2864 708 2908; x_wconf 89' lang='lat' dir='ltr'><strong>non</strong></span> <span class='ocrx_word' id='word_1_185' title='bbox 736 2845 881 2909; x_wconf 84' lang='lat' dir='ltr'><strong>illiberali</strong></span> <span class='ocrx_word' id='word_1_186' title='bbox 903 2845 1072 2907; x_wconf 86' lang='lat' dir='ltr'><strong>eruditione</strong></span> <span class='ocrx_word' id='word_1_187' title='bbox 1088 2846 1226 2927; x_wconf 89' lang='lat' dir='ltr'><strong>adposite</strong></span> 
     </span>
     <span class='ocr_line' id='line_1_26' title="bbox 178 2950 1225 3020; baseline -0.002 -3"><span class='ocrx_word' id='word_1_188' title='bbox 178 2960 347 3018; x_wconf 87' lang='lat' dir='ltr'><strong>monerent.</strong></span> <span class='ocrx_word' id='word_1_189' title='bbox 385 2950 417 3020; x_wconf 86' lang='lat'><strong>5.</strong></span> <span class='ocrx_word' id='word_1_190' title='bbox 447 2954 592 3017; x_wconf 75' lang='lat' dir='ltr'><strong>Fortasse</strong></span> <span class='ocrx_word' id='word_1_191' title='bbox 612 2959 644 3016; x_wconf 85' lang='lat' dir='ltr'><strong>et</strong></span> <span class='ocrx_word' id='word_1_192' title='bbox 664 2973 773 3017; x_wconf 86' lang='lat' dir='ltr'><strong>scenae</strong></span> <span class='ocrx_word' id='word_1_193' title='bbox 804 2954 875 3017; x_wconf 88' lang='lat' dir='ltr'><strong>illae</strong></span> <span class='ocrx_word' id='word_1_194' title='bbox 892 2953 1089 3017; x_wconf 71' lang='lat' dir='ltr'><strong>scholasticae</strong></span> <span class='ocrx_word' id='word_1_195' title='bbox 1105 2954 1142 3016; x_wconf 93' lang='lat' dir='ltr'><strong>sd</strong></span> <span class='ocrx_word' id='word_1_196' title='bbox 1159 2973 1225 3016; x_wconf 89' lang='lat' dir='ltr'><strong>ma·</strong></span> 
     </span>
     <span class='ocr_line' id='line_1_27' title="bbox 112 3040 1226 3144; baseline 0.002 -24"><span class='ocrx_word' id='word_1_197' title='bbox 112 3042 119 3051; x_wconf 44' lang='lat'>⁵</span> <span class='ocrx_word' id='word_1_198' title='bbox 182 3040 344 3123; x_wconf 71' lang='lat' dir='ltr'><strong>tuirandum</strong></span> <span class='ocrx_word' id='word_1_199' title='bbox 357 3061 519 3142; x_wconf 83' lang='lat' dir='ltr'><strong>justiorem</strong></span> <span class='ocrx_word' id='word_1_200' title='bbox 536 3061 724 3125; x_wconf 83' lang='lat' dir='ltr'><strong>theatrorum</strong></span> <span class='ocrx_word' id='word_1_201' title='bbox 749 3061 941 3144; x_wconf 89' lang='lat' dir='ltr'><strong>publicorum</strong></span> <span class='ocrx_word' id='word_1_202' title='bbox 964 3060 1161 3141; x_wconf 84' lang='lat' dir='ltr'><strong>adparatum,</strong></span> <span class='ocrx_word' id='word_1_203' title='bbox 1187 3079 1226 3123; x_wconf 87' lang='lat' dir='ltr'><strong>ex</strong></span> 
     </span>
     <span class='ocr_line' id='line_1_28' title="bbox 179 3162 1224 3253; baseline 0.003 -28"><span class='ocrx_word' id='word_1_204' title='bbox 179 3182 241 3243; x_wconf 84' lang='lat' dir='ltr'><strong>qno</strong></span> <span class='ocrx_word' id='word_1_205' title='bbox 263 3182 341 3253; x_wconf 85' lang='lat' dir='ltr'><strong>nunc</strong></span> <span class='ocrx_word' id='word_1_206' title='bbox 367 3163 528 3227; x_wconf 87' lang='lat' dir='ltr'><strong>humanior</strong></span> <span class='ocrx_word' id='word_1_207' title='bbox 551 3166 644 3227; x_wconf 87' lang='lat' dir='ltr'><strong>totius</strong></span> <span class='ocrx_word' id='word_1_208' title='bbox 662 3184 757 3246; x_wconf 84' lang='lat' dir='ltr'><strong>srepe</strong></span> <span class='ocrx_word' id='word_1_209' title='bbox 780 3162 888 3247; x_wconf 88' lang='lat' dir='ltr'><strong>populi</strong></span> <span class='ocrx_word' id='word_1_210' title='bbox 905 3163 1005 3227; x_wconf 88' lang='lat' dir='ltr'><strong>cultus</strong></span> <span class='ocrx_word' id='word_1_211' title='bbox 1030 3181 1092 3226; x_wconf 86' lang='lat' dir='ltr'><strong>non</strong></span> <span class='ocrx_word' id='word_1_212' title='bbox 1116 3163 1224 3228; x_wconf 85' lang='lat' dir='ltr'><strong>imme·</strong></span> 
     </span>
    </p>

    <p class='ocr_par' dir='ltr' id='par_1_5' title="bbox 179 3269 900 3345">
     <span class='ocr_line' id='line_1_29' title="bbox 179 3269 900 3345; baseline -0.001 -15"><span class='ocrx_word' id='word_1_213' title='bbox 179 3269 241 3331; x_wconf 89' lang='lat' dir='ltr'><strong>rito</strong></span> <span class='ocrx_word' id='word_1_214' title='bbox 265 3271 452 3345; x_wconf 89' lang='lat' dir='ltr'><strong>aestimatur,</strong></span> <span class='ocrx_word' id='word_1_215' title='bbox 473 3272 542 3335; x_wconf 89' lang='lat' dir='ltr'><strong>binc</strong></span> <span class='ocrx_word' id='word_1_216' title='bbox 561 3281 593 3333; x_wconf 90' lang='lat' dir='ltr'><strong>et</strong></span> <span class='ocrx_word' id='word_1_217' title='bbox 608 3271 692 3333; x_wconf 90' lang='lat' dir='ltr'><strong>illinc</strong></span> <span class='ocrx_word' id='word_1_218' title='bbox 704 3272 900 3333; x_wconf 84' lang='lat' dir='ltr'><strong>contulerint.</strong></span> 
     </span>
    </p>

    <p class='ocr_par' dir='ltr' id='par_1_6' title="bbox 178 3374 1226 3873">
     <span class='ocr_line' id='line_1_30' title="bbox 220 3374 1226 3460; baseline 0 -19"><span class='ocrx_word' id='word_1_219' title='bbox 220 3377 301 3441; x_wconf 86' lang='lat' dir='ltr'><strong>Utut</strong></span> <span class='ocrx_word' id='word_1_220' title='bbox 315 3378 417 3460; x_wconf 84' lang='lat' dir='ltr'><strong>ltaque</strong></span> <span class='ocrx_word' id='word_1_221' title='bbox 437 3399 503 3441; x_wconf 89' lang='lat' dir='ltr'><strong>mos</strong></span> <span class='ocrx_word' id='word_1_222' title='bbox 529 3380 583 3441; x_wconf 88' lang='lat' dir='ltr'><strong>ille</strong></span> <span class='ocrx_word' id='word_1_223' title='bbox 600 3396 705 3440; x_wconf 89' lang='lat' dir='ltr'><strong>scenas</strong></span> <span class='ocrx_word' id='word_1_224' title='bbox 724 3378 865 3459; x_wconf 75' lang='lat' dir='ltr'><strong>agendis</strong></span> <span class='ocrx_word' id='word_1_225' title='bbox 881 3377 1030 3458; x_wconf 73' lang='lat' dir='ltr'><strong>gravitate</strong></span> <span class='ocrx_word' id='word_1_226' title='bbox 1046 3374 1226 3458; x_wconf 87' lang='lat' dir='ltr'><strong>disciplinae</strong></span> 
     </span>
     <span class='ocr_line' id='line_1_31' title="bbox 178 3456 1225 3563; baseline 0 -21"><span class='ocrx_word' id='word_1_227' title='bbox 178 3479 375 3544; x_wconf 84' lang='lat' dir='ltr'><strong>scholasticae</strong></span> <span class='ocrx_word' id='word_1_228' title='bbox 409 3499 537 3563; x_wconf 90' lang='lat' dir='ltr'><strong>prorsus</strong></span> <span class='ocrx_word' id='word_1_229' title='bbox 569 3481 698 3554; x_wconf 87' lang='lat' dir='ltr'><strong>alienus,</strong></span> <span class='ocrx_word' id='word_1_230' title='bbox 727 3485 760 3544; x_wconf 89' lang='lat' dir='ltr'><strong>et</strong></span> <span class='ocrx_word' id='word_1_231' title='bbox 781 3480 857 3563; x_wconf 75' lang='lat' dir='ltr'><strong>jure</strong></span> <span class='ocrx_word' id='word_1_232' title='bbox 886 3456 1081 3544; x_wconf 79' lang='lat' dir='ltr'><strong>meritissimo</strong></span> <span class='ocrx_word' id='word_1_233' title='bbox 1104 3480 1225 3560; x_wconf 89' lang='lat' dir='ltr'><strong>penitus</strong></span> 
     </span>
     <span class='ocr_line' id='line_1_32' title="bbox 182 3582 1226 3666; baseline 0 -21"><span class='ocrx_word' id='word_1_234' title='bbox 182 3585 346 3666; x_wconf 73' lang='lat' dir='ltr'><strong>abrogatus</strong></span> <span class='ocrx_word' id='word_1_235' title='bbox 380 3589 447 3659; x_wconf 80' lang='lat' dir='ltr'><strong>est3</strong></span> <span class='ocrx_word' id='word_1_236' title='bbox 472 3583 664 3647; x_wconf 87' lang='lat' dir='ltr'><strong>nihilominus</strong></span> <span class='ocrx_word' id='word_1_237' title='bbox 692 3584 947 3666; x_wconf 87' lang='lat' dir='ltr'><strong>prsedecessores</strong></span> <span class='ocrx_word' id='word_1_238' title='bbox 974 3582 1020 3644; x_wconf 88' lang='lat' dir='ltr'><strong>illi</strong></span> <span class='ocrx_word' id='word_1_239' title='bbox 1045 3583 1144 3645; x_wconf 89' lang='lat' dir='ltr'><strong>nostri</strong></span> <span class='ocrx_word' id='word_1_240' title='bbox 1169 3582 1226 3646; x_wconf 89' lang='lat' dir='ltr'><strong>hac</strong></span> 
     </span>
     <span class='ocr_line' id='line_1_33' title="bbox 180 3684 1225 3769; baseline -0.002 -19"><span class='ocrx_word' id='word_1_241' title='bbox 180 3685 212 3750; x_wconf 88' lang='lat' dir='ltr'><strong>lu</strong></span> <span class='ocrx_word' id='word_1_242' title='bbox 237 3706 275 3749; x_wconf 91' lang='lat' dir='ltr'><strong>re</strong></span> <span class='ocrx_word' id='word_1_243' title='bbox 297 3688 383 3769; x_wconf 80' lang='lat' dir='ltr'><strong>juste</strong></span> <span class='ocrx_word' id='word_1_244' title='bbox 407 3688 567 3751; x_wconf 87' lang='lat' dir='ltr'><strong>excusandi</strong></span> <span class='ocrx_word' id='word_1_245' title='bbox 585 3693 675 3761; x_wconf 89' lang='lat' dir='ltr'><strong>sunt,</strong></span> <span class='ocrx_word' id='word_1_246' title='bbox 707 3686 823 3768; x_wconf 83' lang='lat' dir='ltr'><strong>quippe</strong></span> <span class='ocrx_word' id='word_1_247' title='bbox 847 3687 900 3768; x_wconf 82' lang='lat' dir='ltr'><strong>qul</strong></span> <span class='ocrx_word' id='word_1_248' title='bbox 924 3684 1011 3751; x_wconf 87' lang='lat' dir='ltr'><strong>illum</strong></span> <span class='ocrx_word' id='word_1_249' title='bbox 1036 3705 1225 3767; x_wconf 87' lang='lat' dir='ltr'><strong>nequaquam</strong></span> 
     </span>
     <span class='ocr_line' id='line_1_34' title="bbox 179 3789 1225 3873; baseline -0.003 -20"><span class='ocrx_word' id='word_1_250' title='bbox 179 3789 391 3873; x_wconf 84' lang='lat' dir='ltr'><strong>probaverint,</strong></span> <span class='ocrx_word' id='word_1_251' title='bbox 409 3793 464 3854; x_wconf 92' lang='lat' dir='ltr'><strong>sed</strong></span> <span class='ocrx_word' id='word_1_252' title='bbox 490 3793 616 3855; x_wconf 85' lang='lat' dir='ltr'><strong>abusum</strong></span> <span class='ocrx_word' id='word_1_253' title='bbox 633 3791 754 3863; x_wconf 81' lang='lat' dir='ltr'><strong>aliunde</strong></span> <span class='ocrx_word' id='word_1_254' title='bbox 772 3790 924 3867; x_wconf 83' lang='lat' dir='ltr'><strong>invectum</strong></span> <span class='ocrx_word' id='word_1_255' title='bbox 941 3789 1025 3854; x_wconf 85' lang='lat' dir='ltr'><strong>inriti</strong></span> <span class='ocrx_word' id='word_1_256' title='bbox 1044 3791 1225 3855; x_wconf 72' lang='lat' dir='ltr'><strong>tolerabant·</strong></span> 
     </span>
    </p>

    <p class='ocr_par' dir='ltr' id='par_1_7' title="bbox 144 3895 1240 4193">
     <span class='ocr_line' id='line_1_35' title="bbox 144 3895 1223 3981; baseline -0.003 -24"><span class='ocrx_word' id='word_1_257' title='bbox 144 3954 148 3965; x_wconf 87' lang='grc'><strong>,</strong></span> <span class='ocrx_word' id='word_1_258' title='bbox 185 3897 451 3976; x_wconf 79' lang='lat' dir='ltr'><strong>Quotienscunque</strong></span> <span class='ocrx_word' id='word_1_259' title='bbox 468 3899 565 3979; x_wconf 80' lang='lat' dir='ltr'><strong>igitur</strong></span> <span class='ocrx_word' id='word_1_260' title='bbox 587 3900 626 3963; x_wconf 91' lang='lat' dir='ltr'><strong>de</strong></span> <span class='ocrx_word' id='word_1_261' title='bbox 648 3898 747 3961; x_wconf 87' lang='lat' dir='ltr'><strong>scenis</strong></span> <span class='ocrx_word' id='word_1_262' title='bbox 768 3896 831 3973; x_wconf 84' lang='lat' dir='ltr'><strong>illis</strong></span> <span class='ocrx_word' id='word_1_263' title='bbox 852 3898 1052 3972; x_wconf 81' lang='lat' dir='ltr'><strong>scholasticis,</strong></span> <span class='ocrx_word' id='word_1_264' title='bbox 1066 3901 1132 3981; x_wconf 90' lang='lat' dir='ltr'><strong>jam</strong></span> <span class='ocrx_word' id='word_1_265' title='bbox 1155 3895 1223 3975; x_wconf 86' lang='lat' dir='ltr'><strong>prl-</strong></span> 
     </span>
     <span class='ocr_line' id='line_1_36' title="bbox 185 3990 1240 4085; baseline -0.003 -25"><span class='ocrx_word' id='word_1_266' title='bbox 185 3998 256 4061; x_wconf 89' lang='lat' dir='ltr'><strong>dem</strong></span> <span class='ocrx_word' id='word_1_267' title='bbox 289 4000 413 4062; x_wconf 88' lang='lat' dir='ltr'><strong>obolitis</strong></span> <span class='ocrx_word' id='word_1_268' title='bbox 439 4004 622 4085; x_wconf 82' lang='lat' dir='ltr'><strong>mentionem</strong></span> <span class='ocrx_word' id='word_1_269' title='bbox 641 3990 793 4085; x_wconf 76' lang='lat' dir='ltr'><strong>injecer03</strong></span> <span class='ocrx_word' id='word_1_270' title='bbox 828 4002 910 4068; x_wconf 88' lang='lat' dir='ltr'><strong>diets</strong></span> <span class='ocrx_word' id='word_1_271' title='bbox 939 4003 991 4068; x_wconf 89' lang='lat' dir='ltr'><strong>hic</strong></span> <span class='ocrx_word' id='word_1_272' title='bbox 1016 4021 1035 4063; x_wconf 91' lang='lat' dir='ltr'><strong>s</strong></span> <span class='ocrx_word' id='word_1_273' title='bbox 1056 3997 1240 4064; x_wconf 82' lang='lat' dir='ltr'><strong>lectoribus-</strong></span> 
     </span>
     <span class='ocr_line' id='line_1_37' title="bbox 184 4094 838 4193; baseline 0.003 -26"><span class='ocrx_word' id='word_1_274' title='bbox 184 4101 340 4168; x_wconf 78' lang='lat' dir='ltr'><strong>buresolls</strong></span> <span class='ocrx_word' id='word_1_275' title='bbox 356 4103 388 4168; x_wconf 89' lang='lat' dir='ltr'><strong>lu</strong></span> <span class='ocrx_word' id='word_1_276' title='bbox 402 4105 579 4179; x_wconf 77' lang='lat' dir='ltr'><strong>memorien</strong></span> <span class='ocrx_word' id='word_1_277' title='bbox 595 4094 735 4173; x_wconf 64' lang='lat' dir='ltr'><strong>rotomi</strong></span> <span class='ocrx_word' id='word_1_278' title='bbox 746 4122 838 4193; x_wconf 65' lang='lat' dir='ltr'><strong>rogo.</strong></span> 
     </span>
    </p>

    <p class='ocr_par' dir='ltr' id='par_1_8' title="bbox 605 4197 657 4270">
     <span class='ocr_line' id='line_1_38' title="bbox 605 4197 657 4270; baseline 0 -33"><span class='ocrx_word' id='word_1_279' title='bbox 605 4197 657 4270; x_wconf 55' lang='grc' dir='ltr'>μ</span> 
     </span>
    </p>
   </div>
   <div class='ocr_carea' id='block_1_5' title="bbox 0 0 1324 4448">
    <p class='ocr_par' dir='ltr' id='par_1_9' title="bbox 0 0 1324 4448">
     <span class='ocr_line' id='line_1_39' title="bbox 0 0 1324 4448; baseline 0 2"><span class='ocrx_word' id='word_1_280' title='bbox 0 0 1324 4448; x_wconf 95' lang='lat' dir='ltr'><strong> </strong></span> 
     </span>
    </p>
   </div>
  </div>
 </body>
</html>
