2662 4456
1190 162 1234 233 19

88 345 248 416 muneris
267 342 490 437 episcopalis
502 340 636 414 eruditi
655 363 729 415 non
740 345 904 440 exiguus,
922 343 1026 438 quod
1042 354 1142 418 certe
1158 369 1234 420 nou

89 468 196 538 nnius
218 477 281 536 aut
299 465 465 553 duorum,
493 465 560 549 sed
578 466 774 536 multorum
803 489 980 537 annorum
1001 471 1134 562 spatio,
1166 471 1232 543 diu

90 589 205 681 igitur
226 596 309 656 aute
336 583 731 655 dictumannum1065
752 584 852 657 effici
869 595 1028 680 poterat.

187 703 238 777 Ut
256 706 472 795 concedam,
496 704 674 797 quosdam
692 727 736 774 ex
753 703 828 776 hoc
860 728 1012 778 numero
1040 706 1079 777 in
1098 707 1234 780 scholis

92 828 237 913 exteris,
260 826 631 917 Parthenopolitana,
651 824 828 897 Fuldeusi
840 838 902 899 aut
921 823 1118 898 Leodieusi
1140 831 1234 898 Ger·

92 949 248 1035 maniae,
262 946 947 1037 autPatavinaetBononiensiltaliae‚
967 948 1236 1019 doctrinaube-

91 1067 182 1136 riori
192 1069 391 1138 instructos
408 1069 541 1165 luisse5
558 1077 682 1137 tamen
698 1069 739 1140 id
759 1070 804 1139 de
821 1071 1080 1140 illustrioribus
1090 1069 1168 1139 fere
1178 1090 1237 1138 so·

91 1185 171 1255 lum
190 1194 227 1256 et
247 1188 416 1280 ampliori
434 1189 580 1257 fortuna
598 1189 684 1278 usis,
704 1214 857 1280 quorum
868 1193 1016 1261 nomina
1030 1213 1148 1284 prope
1159 1214 1237 1260 om-

91 1306 198 1375 nium
228 1303 275 1372 ad
295 1326 362 1374 nos
380 1309 585 1399 perscripta
607 1317 768 1396 exstant,
798 1310 954 1379 concedi
975 1321 1111 1404 potest,
1130 1321 1241 1400 atque

93 1424 143 1492 de
161 1413 238 1493 istis
256 1424 331 1494 hoc
346 1425 534 1497 dumtaxat
552 1427 677 1515 modo,
701 1428 897 1521 postquam
909 1429 989 1522 jam
1007 1429 1107 1501 domi
1121 1432 1240 1523 prima

93 1545 298 1642 studiorum
324 1547 531 1618 rudimenta
565 1556 785 1639 posuerant3
819 1570 904 1618 uam
937 1558 978 1619 ut
1002 1560 1151 1644 putem,
1177 1572 1238 1620 ru-

94 1666 180 1736 dem
203 1667 315 1758 plane
335 1664 579 1756 juventutem,
608 1688 651 1736 ac
678 1666 787 1738 etiam
809 1666 1074 1740 elementorum
1107 1669 1239 1737 latino·

90 1809 175 1859 rum
207 1787 396 1878 ignaram,
445 1788 494 1856 ad
531 1797 673 1858 exteros
712 1784 905 1881 magistros
938 1791 1082 1861 missam
1115 1789 1239 1877 fuisse,

97 1907 238 1977 adduci
263 1907 367 1977 nullo
394 1909 506 1978 modo
532 1930 693 2000 possum.

193 2044 326 2114 Sedem
351 2054 474 2116 antem
494 2047 585 2115 cleri
603 2046 712 2137 hujus
735 2053 791 2113 sat
818 2047 1001 2115 numerosi
1019 2046 1176 2137 primum
1204 2057 1241 2117 et

93 2166 340 2269 praecipuam
357 2168 396 2234 in
425 2188 510 2236 arce
528 2168 704 2258 Pragensi
726 2164 773 2233 ad
791 2165 838 2233 Ι).
856 2164 932 2234 Viti
944 2166 1090 2260 jam‘ad
1108 2192 1242 2239 aunum

96 2288 185 2357 1023
204 2285 329 2371 fuisse,
353 2287 456 2356 idem
477 2284 627 2356 Cosmas
645 2283 817 2355 iudicat(
848 2284 939 2356 Nam
961 2287 1007 2358 de
1024 2288 1241 2377 Helicerdo,
1306 2323 1310 2329 =

100 2413 231 2498 quarto
266 2409 441 2499 episcopo
464 2410 668 2501 hegensi,
699 2429 744 2474 eo
774 2428 868 2475 anuo
893 2418 1062 2498 mortuo,
1092 2412 1242 2481 scribit:

97 2526 236 2615 „illum
264 2525 470 2595 dominicae
498 2529 658 2596 familiae
685 2525 835 2594 fidelem
861 2527 901 2593 in
933 2551 1102 2598 mensura
1127 2529 1243 2597 tritici

99 2646 423 2741 „dispensatorem
446 2647 600 2717 fuisse.“
650 2640 1009 2737 Nominefumiliue
1024 2643 1244 2721 dominicae

97 2769 270 2863 profecto
297 2768 526 2840 solummodo
554 2767 695 2852 clerus,
732 2762 841 2836 lateri
867 2783 911 2833 uc
939 2764 1083 2856 domui,
1120 2776 1157 2836 et
1189 2768 1244 2835 fa-

98 2889 223 2960 miliae
251 2888 521 2982 quodammodo
556 2888 736 2982 praesulis
766 2887 822 2957 sui
842 2875 1050 2976 adscitus,
1084 2888 1245 2983 intelligi

100 3019 247 3105 potest;
273 3021 385 3102 prout
411 3034 580 3081 mensura
608 3019 645 3080 et
673 3009 901 3101 dispensatio
926 3010 1042 3078 tritici
1063 3010 1158 3081 illud
1178 3033 1244 3079 uo-

100 3141 180 3220 tat‚
221 3131 324 3224 qnod
351 3131 527 3225 deinceps
564 3133 603 3201 in
641 3139 754 3200 statos
795 3130 1056 3201 canonicorum
1089 3153 1245 3224 proven·

100 3252 167 3323 tus'
187 3251 335 3322 nomine
356 3249 605 3346 praebendae
630 3250 786 3319 transiit.
837 3249 915 3319 Sed
941 3252 1072 3321 eodem
1096 3254 1134 3322 in
1158 3253 1245 3320 loco

99 3373 216 3444 refert
242 3395 308 3445 uos
338 3370 485 3442 Cosmus
513 3372 561 3440 ud
588 3372 706 3464 ipsam
731 3370 887 3440 Ilitmari
914 3381 1082 3461 aetatem,
1118 3370 1246 3462 itaque

101 3495 154 3564 ad
173 3514 308 3567 aunum
333 3496 483 3563 circiter
499 3494 577 3581 968,
605 3515 689 3563 cum
709 3492 788 3586 jam
812 3500 891 3560 tum
917 3492 1072 3562 similem
1096 3492 1246 3586 dispen-

102 3616 298 3703 sationem,
336 3615 409 3683 alia
433 3600 581 3684 tautum
599 3613 824 3684 decimarum
847 3613 1003 3701 ratione,
1029 3615 1154 3684 locum
1178 3613 1245 3683 ha·

98 3735 229 3806 buisse
257 3746 383 3828 aperte
408 3737 540 3807 innuit.
592 3739 821 3826 Quamquam
839 3732 885 3802 de
908 3734 1032 3822 clero,
1058 3736 1246 3829 primaevo

68 3855 182 3951 'jam
208 3865 378 3949 tempore
405 3856 524 3925 adl).
549 3855 625 3925 viti
651 3857 821 3926 instituto
846 3875 954 3924 nemo
990 3855 1142 3928 dubium
1168 3880 1245 3927 mo·

98 4000 193 4050 vere
219 3986 360 4075 potest3
387 3999 497 4072 quum
516 3975 665 4050 Cosmus
684 3979 798 4067 illins,
823 4000 1045 4073 unoquoque
1066 3981 1241 4076 episcopo

679 4100 738 4172 2·
1056 4090 1062 4104 ⁸
