2662 4456
121 108 168 186 29

118 291 270 386 habito,
302 293 467 365 Joannes
502 294 697 390 episcopus
737 304 774 367 et
807 297 933 391 plnres
970 300 1141 369 canonici
1167 302 1256 371 Pra-

117 440 248 511 genses
285 418 538 489 interfuerunt.
597 419 668 490 vix
701 420 764 489 hic
799 423 1046 492 necessarium
1082 426 1253 516 putarim,

117 542 326 626 adnotasse,
354 542 393 609 in
418 541 585 610 conciliis
622 542 852 613 celebrandis
888 545 1054 636 linguam
1081 546 1260 616 duntairat

115 665 270 734 latinam
294 663 467 731 usitatam
492 672 530 732 et
556 663 742 733 solennem
767 667 891 735 fuisse.
1008 745 1011 751 ¹
1153 668 1155 675 '

207 786 240 853 6.
266 784 375 853 Anno
400 784 497 870 1275,
525 794 566 854 ut
592 784 693 853 idem
717 788 950 856 continuator
979 783 1115 872 habet,
1156 787 1256 854 cele·

113 907 220 975 brato
248 928 269 973 a
296 906 480 996 Gregorio
500 905 546 972 X.
571 904 750 998 Lugduni
774 908 934 976 concilio
960 906 1059 976 idem
1089 903 1253 977 Joannes

113 1045 195 1100 cam
223 1026 442 1116 quibusdam
467 1026 654 1095 canonicis
685 1028 873 1097 intererat.

200 1154 235 1218 7.
260 1147 321 1218 Ad
348 1170 482 1215 annum
507 1149 605 1233 1278,
644 1170 717 1238 quo
753 1147 914 1218 Joannes
942 1149 1140 1242 episcopus
1173 1151 1253 1245 jam

108 1269 265 1356 obierat,
303 1265 661 1337 idem'continuator
689 1269 832 1357 scribit,
869 1271 1002 1358 „illum
1030 1270 1251 1342 facundissi-

108 1413 233 1479 „mum
255 1390 467 1480 eloquentia
493 1391 682 1480 utriusque
701 1389 901 1477 idiomatis,
927 1390 1116 1461 bohemici
1137 1404 1174 1461 et
1195 1395 1250 1462 la·

107 1512 204 1601 „tini
229 1510 382 1581 fuisse.“
434 1512 585 1579 Pessina
612 1523 732 1580 antem
758 1513 796 1580 in
822 1512 1044 1604 Phosphoro
1063 1535 1151 1604 pag.
1170 1514 1248 1598 335,

105 1634 272 1727 ejusdem
303 1653 487 1702 sermones
520 1633 636 1700 latino
664 1633 841 1701 idiomate
868 1634 1119 1723 conscriptos,
1156 1656 1248 1722 quos

102 1756 198 1826 inter
224 1772 411 1821 sacrorum
437 1749 603 1819 solennia
629 1750 678 1819 ad
705 1753 845 1820 clerum
872 1751 1078 1821 adstantem
1103 1752 1244 1822 habere

101 1873 258 1960 solebat,
286 1893 351 1940 suo
377 1881 543 1961 tempore
570 1873 732 1940 extitisse
759 1872 939 1941 adfirmat.

192 1995 228 2063 8.
254 1993 362 2060 Anno
387 1991 485 2077 1279,
513 1993 770 2063 continuatore
796 2005 923 2065 nostro
948 2003 1057 2082 teste,
1076 2040 1080 2047 -
1094 1995 1243 2087 profec-

99 2125 160 2188 tus
186 2123 243 2184 est
261 2113 401 2183 Tobias
410 2110 617 2205 Episcopus
627 2114 823 2206 Pragensis
840 2116 880 2185 in
898 2115 1115 2202 Moraviam,
1146 2115 1244 2203 „ad-

100 2237 257 2327 „sumtis
304 2232 435 2303 decem
474 2210 663 2303 canonicis
698 2236 946 2328 Pragensibus
992 2236 1244 2304 eminentioris

100 2354 363 2448 „discretionis
392 2364 504 2449 atque
530 2355 742 2424 literaturae
766 2358 975 2450 peritiores,
1004 2366 1040 2425 et
1066 2357 1149 2425 aliis
1177 2375 1242 2425 ca·

99 2478 285 2574 „pellaris
314 2475 537 2569 episcopalis
565 2475 730 2545 curiae.“

193 2602 227 2669 9.
253 2597 315 2668 Ad
341 2620 476 2668 annum
500 2597 598 2685 1281,
625 2597 776 2668 ibidem.
800 2596 1010 2691 Episcopus
1037 2596 1138 2666 idem
1156 2605 1239 2667 tan·

89 2728 174 2790 'tum
185 2721 298 2791 sacris
319 2720 508 2790 ordinibus
519 2741 600 2802 uno,
613 2717 673 2788 die
684 2719 945 2788 initiandorum
956 2719 1155 2787 'nnmerum
1172 2717 1241 2786 ha-

93 2832 190 2929 buit,
229 2850 271 2911 ut
307 2841 565 2928 „consecratio
601 2840 695 2908 inita
729 2863 836 2908 mane
871 2841 931 2911 vix
963 2840 1128 2930 potuerit
1159 2846 1240 2907 toto

96 2961 188 3052 „die
214 2962 326 3047 finiri,
352 2963 406 3029 ita
431 2967 568 3046 tamen,
594 2968 635 3028 ut
661 2961 701 3028 in
727 2960 925 3030 crastinum
952 2956 1238 3027 communicatio

96 3080 371 3174 „eucharistiae
397 3078 650 3166 sacerdotibus
676 3091 766 3153 tunc
794 3080 1017 3151 consecratis
1045 3079 1092 3147 sit
1116 3085 1238 3146 trans-

96 3203 254 3298 ‚,lata.“.
509 3290 512 3295 ¹

187 3328 242 3398 19.
269 3322 332 3394 Ad
358 3341 492 3393 annum
517 3320 613 3394 1299.
649 3317 872 3392 Franciscus
903 3327 940 3388 et
958 3316 1153 3389 Benessius
1187 3316 1238 3388 de

94 3447 260 3519 Weitmil
285 3448 325 3517 in
352 3443 481 3514 chron.
507 3443 695 3530 scribunt,
733 3465 860 3535 regem
884 3440 1142 3510 wenceslaum
1170 3438 1234 3527 Π.,

91 3569 183 3640 licet
216 3590 415 3661 numquam
440 3566 567 3635 literas
605 3561 824 3650 didicisset,
859 3561 1030 3631 detentus
1055 3560 1234 3630 videlicet

72 3666 133 3760 'in
156 3690 274 3760 tutela
301 3688 448 3761 Ottonis
475 3682 785 3775 Braudeburgici,
814 3692 943 3770 „recte
968 3691 1092 3751 tamen
1117 3682 1234 3751 latine

92 3812 298 3903 „locutum,
327 3832 370 3883 ac
397 3811 488 3881 alios
514 3829 624 3903 saepe
652 3806 696 3875 ab
724 3826 768 3873 eo
795 3804 1007 3874 emendatos
1031 3801 1183 3872 fuisse.“

185 3932 240 4001 11.
263 3930 373 4001 Anno
392 3929 488 4001 1295.
515 3927 727 4018 Gregorius,
754 3925 925 3997 Decanus
952 3925 1001 3995 ad
1027 3925 1074 3992 1).
1096 3923 1173 3993 Viti
1193 3929 1232 3991 et

91 4054 266 4152 magister
291 4052 331 4124 iu
356 4050 506 4137 artibus,
533 4047 572 4117 iu
598 4044 813 4119 cathedram
849 4047 1100 4143 episcopalem
1128 4062 1235 4114 evec-
