<?xml version="1.0" encoding="UTF-8"?>
<!DOCTYPE html PUBLIC "-//W3C//DTD XHTML 1.0 Transitional//EN"
    "http://www.w3.org/TR/xhtml1/DTD/xhtml1-transitional.dtd">
<html xmlns="http://www.w3.org/1999/xhtml" xml:lang="en" lang="en">
 <head>
  <title>
</title>
<meta http-equiv="Content-Type" content="text/html;charset=utf-8" />
  <meta name='ocr-system' content='tesseract 3.04.00' />
  <meta name='ocr-capabilities' content='ocr_page ocr_carea ocr_par ocr_line ocrx_word'/>
</head>
<body>
  <div class='ocr_page' id='page_1' title='image "./analectahistori00kaubgoog_0020.png"; bbox 0 0 2662 4456; ppageno 0'>
   <div class='ocr_carea' id='block_1_1' title="bbox 1151 122 1196 196">
    <p class='ocr_par' dir='ltr' id='par_1_1' title="bbox 1151 122 1196 196">
     <span class='ocr_line' id='line_1_1' title="bbox 1151 122 1196 196; baseline 0.067 -3"><span class='ocrx_word' id='word_1_1' title='bbox 1151 122 1196 196; x_wconf 77' lang='lat'><strong>1³</strong></span> 
     </span>
    </p>
   </div>
   <div class='ocr_carea' id='block_1_2' title="bbox 157 294 1194 642">
    <p class='ocr_par' dir='ltr' id='par_1_2' title="bbox 157 294 1194 642">
     <span class='ocr_line' id='line_1_2' title="bbox 157 294 1193 397; baseline -0.02 -16"><span class='ocrx_word' id='word_1_2' title='bbox 157 304 260 394; x_wconf 72' lang='lat' dir='ltr'><strong>stris,</strong></span> <span class='ocrx_word' id='word_1_3' title='bbox 285 299 408 397; x_wconf 87' lang='lat' dir='ltr'><strong>quoad</strong></span> <span class='ocrx_word' id='word_1_4' title='bbox 432 296 531 369; x_wconf 87' lang='lat' dir='ltr'><strong>hanc</strong></span> <span class='ocrx_word' id='word_1_5' title='bbox 567 294 806 368; x_wconf 82' lang='lat' dir='ltr'><strong>institutionis</strong></span> <span class='ocrx_word' id='word_1_6' title='bbox 831 304 993 390; x_wconf 79' lang='lat' dir='ltr'><strong>portem,</strong></span> <span class='ocrx_word' id='word_1_7' title='bbox 1029 320 1103 374; x_wconf 75' lang='lat' dir='ltr'><strong>non</strong></span> <span class='ocrx_word' id='word_1_8' title='bbox 1129 307 1193 378; x_wconf 66' lang='lat' dir='ltr'><strong>ab.</strong></span> 
     </span>
     <span class='ocr_line' id='line_1_3' title="bbox 158 419 1193 519; baseline -0.002 -19"><span class='ocrx_word' id='word_1_9' title='bbox 158 428 317 500; x_wconf 86' lang='lat' dir='ltr'><strong>similem</strong></span> <span class='ocrx_word' id='word_1_10' title='bbox 351 423 485 519; x_wconf 82' lang='lat' dir='ltr'><strong>luisse3</strong></span> <span class='ocrx_word' id='word_1_11' title='bbox 523 437 744 512; x_wconf 82' lang='lat' dir='ltr'><strong>quamquam</strong></span> <span class='ocrx_word' id='word_1_12' title='bbox 770 420 830 488; x_wconf 86' lang='lat' dir='ltr'><strong>vix</strong></span> <span class='ocrx_word' id='word_1_13' title='bbox 868 419 1029 493; x_wconf 82' lang='lat' dir='ltr'><strong>dubitari</strong></span> <span class='ocrx_word' id='word_1_14' title='bbox 1060 430 1193 519; x_wconf 86' lang='lat' dir='ltr'><strong>possit,</strong></span> 
     </span>
     <span class='ocr_line' id='line_1_4' title="bbox 160 541 1194 642; baseline 0.002 -24"><span class='ocrx_word' id='word_1_15' title='bbox 160 551 252 642; x_wconf 90' lang='lat' dir='ltr'><strong>quin</strong></span> <span class='ocrx_word' id='word_1_16' title='bbox 275 546 424 638; x_wconf 84' lang='lat' dir='ltr'><strong>regulae</strong></span> <span class='ocrx_word' id='word_1_17' title='bbox 449 545 538 612; x_wconf 83' lang='lat' dir='ltr'><strong>illae</strong></span> <span class='ocrx_word' id='word_1_18' title='bbox 565 558 660 611; x_wconf 83' lang='lat' dir='ltr'><strong>enno</strong></span> <span class='ocrx_word' id='word_1_19' title='bbox 680 541 761 634; x_wconf 82' lang='lat' dir='ltr'><strong>jam</strong></span> <span class='ocrx_word' id='word_1_20' title='bbox 786 541 883 626; x_wconf 73' lang='lat'><strong>1260,</strong></span> <span class='ocrx_word' id='word_1_21' title='bbox 912 553 972 611; x_wconf 84' lang='lat' dir='ltr'><strong>aut</strong></span> <span class='ocrx_word' id='word_1_22' title='bbox 997 567 1071 616; x_wconf 88' lang='lat' dir='ltr'><strong>non</strong></span> <span class='ocrx_word' id='word_1_23' title='bbox 1098 552 1194 622; x_wconf 87' lang='lat' dir='ltr'><strong>rnul-</strong></span> 
     </span>
    </p>
   </div>
   <div class='ocr_carea' id='block_1_3' title="bbox 51 663 1203 3290">
    <p class='ocr_par' dir='ltr' id='par_1_3' title="bbox 51 663 1203 3290">
     <span class='ocr_line' id='line_1_5' title="bbox 157 663 1194 762; baseline -0.003 -23"><span class='ocrx_word' id='word_1_24' title='bbox 157 680 199 739; x_wconf 80' lang='lat' dir='ltr'><strong>to</strong></span> <span class='ocrx_word' id='word_1_25' title='bbox 225 670 335 738; x_wconf 83' lang='lat' dir='ltr'><strong>serius</strong></span> <span class='ocrx_word' id='word_1_26' title='bbox 362 665 523 756; x_wconf 80' lang='lat' dir='ltr'>scriptae</span> <span class='ocrx_word' id='word_1_27' title='bbox 540 663 688 749; x_wconf 84' lang='lat' dir='ltr'><strong>fuerint,</strong></span> <span class='ocrx_word' id='word_1_28' title='bbox 714 663 928 754; x_wconf 83' lang='lat' dir='ltr'><strong>praesertim</strong></span> <span class='ocrx_word' id='word_1_29' title='bbox 954 676 1049 752; x_wconf 85' lang='lat' dir='ltr'><strong>cunr,</strong></span> <span class='ocrx_word' id='word_1_30' title='bbox 1068 671 1194 762; x_wconf 85' lang='lat' dir='ltr'><strong>elapso</strong></span> 
     </span>
     <span class='ocr_line' id='line_1_6' title="bbox 153 783 1194 887; baseline 0 -27"><span class='ocrx_word' id='word_1_31' title='bbox 153 793 229 887; x_wconf 81' lang='lat' dir='ltr'><strong>jam</strong></span> <span class='ocrx_word' id='word_1_32' title='bbox 261 790 407 878; x_wconf 81' lang='lat' dir='ltr'><strong>integro</strong></span> <span class='ocrx_word' id='word_1_33' title='bbox 427 785 591 854; x_wconf 79' lang='lat' dir='ltr'><strong>saeculo</strong></span> <span class='ocrx_word' id='word_1_34' title='bbox 628 808 648 853; x_wconf 88' lang='lat' dir='ltr'><strong>a</strong></span> <span class='ocrx_word' id='word_1_35' title='bbox 682 793 849 874; x_wconf 79' lang='lat' dir='ltr'><strong>tempore</strong></span> <span class='ocrx_word' id='word_1_36' title='bbox 884 783 1004 854; x_wconf 84' lang='lat' dir='ltr'><strong>Marci</strong></span> <span class='ocrx_word' id='word_1_37' title='bbox 1038 787 1194 878; x_wconf 87' lang='lat' dir='ltr'><strong>Decani,</strong></span> 
     </span>
     <span class='ocr_line' id='line_1_7' title="bbox 158 906 1195 1003; baseline 0.002 -24"><span class='ocrx_word' id='word_1_38' title='bbox 158 933 266 1003; x_wconf 92' lang='lat' dir='ltr'><strong>quem</strong></span> <span class='ocrx_word' id='word_1_39' title='bbox 292 907 442 976; x_wconf 84' lang='lat' dir='ltr'><strong>Cosmas</strong></span> <span class='ocrx_word' id='word_1_40' title='bbox 471 915 645 997; x_wconf 87' lang='lat' dir='ltr'><strong>tanquam</strong></span> <span class='ocrx_word' id='word_1_41' title='bbox 672 906 838 974; x_wconf 88' lang='lat' dir='ltr'><strong>omnibus</strong></span> <span class='ocrx_word' id='word_1_42' title='bbox 867 907 1003 975; x_wconf 86' lang='lat' dir='ltr'><strong>artibus</strong></span> <span class='ocrx_word' id='word_1_43' title='bbox 1030 908 1195 982; x_wconf 89' lang='lat' dir='ltr'><strong>liberali·</strong></span> 
     </span>
     <span class='ocr_line' id='line_1_8' title="bbox 158 1014 1198 1138; baseline -0.013 -38"><span class='ocrx_word' id='word_1_44' title='bbox 158 1032 226 1100; x_wconf 85' lang='lat' dir='ltr'><strong>bus</strong></span> <span class='ocrx_word' id='word_1_45' title='bbox 263 1030 474 1120; x_wconf 85' lang='lat' dir='ltr'><strong>expolitum,</strong></span> <span class='ocrx_word' id='word_1_46' title='bbox 514 1037 552 1096; x_wconf 89' lang='lat' dir='ltr'><strong>et</strong></span> <span class='ocrx_word' id='word_1_47' title='bbox 589 1017 819 1096; x_wconf 72' lang='lat' dir='ltr'><strong>didascalum</strong></span> <span class='ocrx_word' id='word_1_48' title='bbox 858 1033 927 1103; x_wconf 60' lang='grc' dir='ltr'><strong>κατ’</strong></span> <span class='ocrx_word' id='word_1_49' title='bbox 950 1014 1067 1138; x_wconf 53' lang='lat' dir='ltr'><strong>,pom</strong></span> <span class='ocrx_word' id='word_1_50' title='bbox 1085 1056 1198 1104; x_wconf 47' lang='lat' dir='ltr'><strong>qum.</strong></span> 
     </span>
     <span class='ocr_line' id='line_1_9' title="bbox 163 1148 1200 1245; baseline 0.007 -27"><span class='ocrx_word' id='word_1_51' title='bbox 163 1153 231 1218; x_wconf 83' lang='lat' dir='ltr'><strong>mis</strong></span> <span class='ocrx_word' id='word_1_52' title='bbox 247 1150 416 1217; x_wconf 80' lang='lat' dir='ltr'><strong>laudibus</strong></span> <span class='ocrx_word' id='word_1_53' title='bbox 428 1157 546 1234; x_wconf 82' lang='lat' dir='ltr'><strong>ornat,</strong></span> <span class='ocrx_word' id='word_1_54' title='bbox 575 1148 961 1240; x_wconf 79' lang='lat' dir='ltr'><strong>scholuePragensiid</strong></span> <span class='ocrx_word' id='word_1_55' title='bbox 980 1150 1200 1245; x_wconf 84' lang='lat' dir='ltr'><strong>disciplinae</strong></span> 
     </span>
     <span class='ocr_line' id='line_1_10' title="bbox 160 1262 1194 1355; baseline 0.006 -17"><span class='ocrx_word' id='word_1_56' title='bbox 160 1270 346 1339; x_wconf 87' lang='lat' dir='ltr'><strong>literariae</strong></span> <span class='ocrx_word' id='word_1_57' title='bbox 381 1262 644 1336; x_wconf 87' lang='lat' dir='ltr'><strong>incrementum</strong></span> <span class='ocrx_word' id='word_1_58' title='bbox 670 1270 883 1355; x_wconf 78' lang='lat' dir='ltr'><strong>accessisse,</strong></span> <span class='ocrx_word' id='word_1_59' title='bbox 922 1279 963 1338; x_wconf 85' lang='lat' dir='ltr'><strong>nt</strong></span> <span class='ocrx_word' id='word_1_60' title='bbox 991 1276 1099 1341; x_wconf 89' lang='lat' dir='ltr'><strong>etiam</strong></span> <span class='ocrx_word' id='word_1_61' title='bbox 1129 1275 1194 1345; x_wconf 87' lang='lat' dir='ltr'><strong>de·</strong></span> 
     </span>
     <span class='ocr_line' id='line_1_11' title="bbox 164 1387 1199 1485; baseline 0.004 -29"><span class='ocrx_word' id='word_1_62' title='bbox 164 1413 257 1474; x_wconf 83' lang='lat' dir='ltr'><strong>mus,</strong></span> <span class='ocrx_word' id='word_1_63' title='bbox 286 1387 384 1456; x_wconf 89' lang='lat' dir='ltr'><strong>istud</strong></span> <span class='ocrx_word' id='word_1_64' title='bbox 396 1388 595 1457; x_wconf 87' lang='lat' dir='ltr'><strong>nonmulto</strong></span> <span class='ocrx_word' id='word_1_65' title='bbox 607 1389 709 1483; x_wconf 86' lang='lat' dir='ltr'><strong>prius</strong></span> <span class='ocrx_word' id='word_1_66' title='bbox 721 1388 861 1456; x_wconf 82' lang='lat' dir='ltr'><strong>factum</strong></span> <span class='ocrx_word' id='word_1_67' title='bbox 875 1388 999 1478; x_wconf 84' lang='lat' dir='ltr'><strong>luisse,</strong></span> <span class='ocrx_word' id='word_1_68' title='bbox 1018 1413 1199 1485; x_wconf 81' lang='lat' dir='ltr'>perquam</span> 
     </span>
     <span class='ocr_line' id='line_1_12' title="bbox 162 1506 478 1578; baseline 0 -1"><span class='ocrx_word' id='word_1_69' title='bbox 162 1510 361 1577; x_wconf 85' lang='lat' dir='ltr'><strong>verisimile</strong></span> <span class='ocrx_word' id='word_1_70' title='bbox 388 1511 446 1578; x_wconf 88' lang='lat' dir='ltr'><strong>sit.</strong></span> <span class='ocrx_word' id='word_1_71' title='bbox 473 1506 478 1513; x_wconf 52' lang='lat'><strong>¹</strong></span> 
     </span>
     <span class='ocr_line' id='line_1_13' title="bbox 153 1628 1199 1726; baseline 0.008 -30"><span class='ocrx_word' id='word_1_72' title='bbox 153 1628 216 1696; x_wconf 88' lang='lat' dir='ltr'><strong>lv.</strong></span> <span class='ocrx_word' id='word_1_73' title='bbox 244 1630 321 1698; x_wconf 85' lang='lat' dir='ltr'><strong>Sed</strong></span> <span class='ocrx_word' id='word_1_74' title='bbox 346 1630 534 1715; x_wconf 85' lang='lat' dir='ltr'><strong>habemus,</strong></span> <span class='ocrx_word' id='word_1_75' title='bbox 562 1638 602 1698; x_wconf 84' lang='lat' dir='ltr'><strong>nt</strong></span> <span class='ocrx_word' id='word_1_76' title='bbox 628 1631 735 1698; x_wconf 86' lang='lat' dir='ltr'><strong>initio</strong></span> <span class='ocrx_word' id='word_1_77' title='bbox 755 1630 845 1716; x_wconf 83' lang='lat' dir='ltr'><strong>dixi,</strong></span> <span class='ocrx_word' id='word_1_78' title='bbox 872 1633 1092 1702; x_wconf 84' lang='lat' dir='ltr'><strong>testimonia·</strong></span> <span class='ocrx_word' id='word_1_79' title='bbox 1108 1657 1199 1726; x_wconf 91' lang='lat' dir='ltr'><strong>qno-</strong></span> 
     </span>
     <span class='ocr_line' id='line_1_14' title="bbox 58 1749 1199 1844; baseline 0.004 -24"><span class='ocrx_word' id='word_1_80' title='bbox 58 1773 134 1844; x_wconf 87' lang='lat' dir='ltr'><strong>que</strong></span> <span class='ocrx_word' id='word_1_81' title='bbox 155 1760 317 1839; x_wconf 83' lang='lat' dir='ltr'><strong>externa,</strong></span> <span class='ocrx_word' id='word_1_82' title='bbox 347 1773 440 1838; x_wconf 80' lang='lat' dir='ltr'><strong>qnae</strong></span> <span class='ocrx_word' id='word_1_83' title='bbox 465 1758 507 1817; x_wconf 89' lang='lat' dir='ltr'><strong>ut</strong></span> <span class='ocrx_word' id='word_1_84' title='bbox 534 1749 582 1816; x_wconf 87' lang='lat' dir='ltr'><strong>ad</strong></span> <span class='ocrx_word' id='word_1_85' title='bbox 598 1749 708 1817; x_wconf 88' lang='lat' dir='ltr'><strong>fidem</strong></span> <span class='ocrx_word' id='word_1_86' title='bbox 721 1753 901 1840; x_wconf 67' lang='lat' dir='ltr'><strong>graviore,</strong></span> <span class='ocrx_word' id='word_1_87' title='bbox 938 1754 991 1821; x_wconf 83' lang='lat' dir='ltr'><strong>ite</strong></span> <span class='ocrx_word' id='word_1_88' title='bbox 1006 1755 1118 1824; x_wconf 89' lang='lat' dir='ltr'><strong>etiam</strong></span> <span class='ocrx_word' id='word_1_89' title='bbox 1143 1757 1199 1826; x_wconf 83' lang='lat' dir='ltr'><strong>lu·</strong></span> 
     </span>
     <span class='ocr_line' id='line_1_15' title="bbox 56 1871 1200 1966; baseline 0.001 -23"><span class='ocrx_word' id='word_1_90' title='bbox 56 1874 267 1944; x_wconf 85' lang='lat' dir='ltr'><strong>culentiora</strong></span> <span class='ocrx_word' id='word_1_91' title='bbox 295 1879 398 1952; x_wconf 82' lang='lat' dir='ltr'><strong>sunt3</strong></span> <span class='ocrx_word' id='word_1_92' title='bbox 434 1871 511 1938; x_wconf 86' lang='lat' dir='ltr'><strong>fere</strong></span> <span class='ocrx_word' id='word_1_93' title='bbox 539 1871 634 1938; x_wconf 89' lang='lat' dir='ltr'><strong>enim</strong></span> <span class='ocrx_word' id='word_1_94' title='bbox 669 1872 864 1962; x_wconf 77' lang='lat' dir='ltr'><strong>scriptores</strong></span> <span class='ocrx_word' id='word_1_95' title='bbox 899 1876 1011 1966; x_wconf 87' lang='lat' dir='ltr'><strong>patrii</strong></span> <span class='ocrx_word' id='word_1_96' title='bbox 1038 1888 1075 1943; x_wconf 86' lang='lat' dir='ltr'><strong>et</strong></span> <span class='ocrx_word' id='word_1_97' title='bbox 1101 1875 1200 1945; x_wconf 81' lang='lat' dir='ltr'><strong>indi·</strong></span> 
     </span>
     <span class='ocr_line' id='line_1_16' title="bbox 56 1991 1202 2087; baseline 0.003 -26"><span class='ocrx_word' id='word_1_98' title='bbox 56 2014 181 2087; x_wconf 80' lang='lat' dir='ltr'><strong>genae</strong></span> <span class='ocrx_word' id='word_1_99' title='bbox 204 2016 261 2060; x_wconf 91' lang='lat' dir='ltr'><strong>res</strong></span> <span class='ocrx_word' id='word_1_100' title='bbox 287 1991 519 2079; x_wconf 85' lang='lat' dir='ltr'><strong>domesticas,</strong></span> <span class='ocrx_word' id='word_1_101' title='bbox 545 2000 587 2060; x_wconf 87' lang='lat' dir='ltr'><strong>ut</strong></span> <span class='ocrx_word' id='word_1_102' title='bbox 614 1991 754 2081; x_wconf 79' lang='lat' dir='ltr'><strong>alioqui</strong></span> <span class='ocrx_word' id='word_1_103' title='bbox 782 1997 854 2063; x_wconf 84' lang='lat' dir='ltr'><strong>suis</strong></span> <span class='ocrx_word' id='word_1_104' title='bbox 881 2006 999 2083; x_wconf 82' lang='lat' dir='ltr'><strong>notos,</strong></span> <span class='ocrx_word' id='word_1_105' title='bbox 1044 1996 1202 2064; x_wconf 87' lang='lat' dir='ltr'><strong>strictim</strong></span> 
     </span>
     <span class='ocr_line' id='line_1_17' title="bbox 55 2114 1201 2205; baseline 0 -21"><span class='ocrx_word' id='word_1_106' title='bbox 55 2123 203 2185; x_wconf 82' lang='lat' dir='ltr'><strong>tantum</strong></span> <span class='ocrx_word' id='word_1_107' title='bbox 230 2122 265 2181; x_wconf 90' lang='lat' dir='ltr'><strong>et</strong></span> <span class='ocrx_word' id='word_1_108' title='bbox 282 2114 501 2181; x_wconf 77' lang='lat' dir='ltr'><strong>verbotenus</strong></span> <span class='ocrx_word' id='word_1_109' title='bbox 528 2121 741 2201; x_wconf 83' lang='lat' dir='ltr'><strong>memorant,</strong></span> <span class='ocrx_word' id='word_1_110' title='bbox 769 2133 852 2187; x_wconf 87' lang='lat' dir='ltr'><strong>oum</strong></span> <span class='ocrx_word' id='word_1_111' title='bbox 878 2118 993 2185; x_wconf 85' lang='lat' dir='ltr'><strong>exteri</strong></span> <span class='ocrx_word' id='word_1_112' title='bbox 1011 2116 1201 2205; x_wconf 77' lang='lat' dir='ltr'><strong>populari-</strong></span> 
     </span>
     <span class='ocr_line' id='line_1_18' title="bbox 61 2233 1201 2329; baseline -0.001 -24"><span class='ocrx_word' id='word_1_113' title='bbox 61 2237 133 2306; x_wconf 85' lang='lat' dir='ltr'><strong>bus</strong></span> <span class='ocrx_word' id='word_1_114' title='bbox 160 2235 234 2304; x_wconf 86' lang='lat' dir='ltr'><strong>suis</strong></span> <span class='ocrx_word' id='word_1_115' title='bbox 270 2257 328 2302; x_wconf 85' lang='lat' dir='ltr'><strong>res</strong></span> <span class='ocrx_word' id='word_1_116' title='bbox 365 2234 533 2319; x_wconf 80' lang='lat' dir='ltr'><strong>aliorum,</strong></span> <span class='ocrx_word' id='word_1_117' title='bbox 570 2233 710 2324; x_wconf 88' lang='lat' dir='ltr'><strong>quippe</strong></span> <span class='ocrx_word' id='word_1_118' title='bbox 744 2233 905 2328; x_wconf 76' lang='lat' dir='ltr'><strong>ignotas,</strong></span> <span class='ocrx_word' id='word_1_119' title='bbox 944 2236 1106 2329; x_wconf 81' lang='lat' dir='ltr'><strong>apertius</strong></span> <span class='ocrx_word' id='word_1_120' title='bbox 1142 2261 1201 2306; x_wconf 83' lang='lat' dir='ltr'><strong>re-</strong></span> 
     </span>
     <span class='ocr_line' id='line_1_19' title="bbox 51 2344 1007 2454; baseline -0.006 -27"><span class='ocrx_word' id='word_1_121' title='bbox 51 2357 197 2454; x_wconf 54' lang='lat' dir='ltr'><strong>ferunt.</strong></span> <span class='ocrx_word' id='word_1_122' title='bbox 713 2344 717 2351; x_wconf 30' lang='grc' dir='ltr'>ι</span> <span class='ocrx_word' id='word_1_123' title='bbox 999 2354 1007 2360; x_wconf 51' lang='grc'><em>”</em></span> 
     </span>
     <span class='ocr_line' id='line_1_20' title="bbox 154 2470 717 2545; baseline -0.004 -1"><span class='ocrx_word' id='word_1_124' title='bbox 154 2475 297 2545; x_wconf 85' lang='lat' dir='ltr'><strong>Primus</strong></span> <span class='ocrx_word' id='word_1_125' title='bbox 320 2470 451 2541; x_wconf 91' lang='lat' dir='ltr'><strong>horum</strong></span> <span class='ocrx_word' id='word_1_126' title='bbox 467 2472 617 2543; x_wconf 84' lang='lat' dir='ltr'><strong>testium</strong></span> <span class='ocrx_word' id='word_1_127' title='bbox 635 2481 717 2542; x_wconf 68' lang='lat' dir='ltr'><strong>ests</strong></span> 
     </span>
     <span class='ocr_line' id='line_1_21' title="bbox 116 2573 1203 2681; baseline -0.002 -15"><span class='ocrx_word' id='word_1_128' title='bbox 116 2606 157 2666; x_wconf 65' lang='lat' dir='ltr'><strong>o:</strong></span> <span class='ocrx_word' id='word_1_129' title='bbox 176 2596 403 2679; x_wconf 69' lang='lat' dir='ltr'><strong>volcmarus,</strong></span> <span class='ocrx_word' id='word_1_130' title='bbox 447 2592 572 2661; x_wconf 89' lang='lat' dir='ltr'><strong>Abbas</strong></span> <span class='ocrx_word' id='word_1_131' title='bbox 616 2573 799 2681; x_wconf 75' lang='lat' dir='ltr'><strong>quondam</strong></span> <span class='ocrx_word' id='word_1_132' title='bbox 835 2588 1131 2665; x_wconf 75' lang='lat' dir='ltr'><strong>cisterciensium</strong></span> <span class='ocrx_word' id='word_1_133' title='bbox 1162 2590 1203 2665; x_wconf 85' lang='lat' dir='ltr'><strong>in</strong></span> 
     </span>
     <span class='ocr_line' id='line_1_22' title="bbox 161 2688 1203 2806; baseline -0.002 -19"><span class='ocrx_word' id='word_1_134' title='bbox 161 2718 341 2801; x_wconf 73' lang='lat' dir='ltr'><strong>Bovario,</strong></span> <span class='ocrx_word' id='word_1_135' title='bbox 387 2714 450 2805; x_wconf 93' lang='lat' dir='ltr'><strong>qui</strong></span> <span class='ocrx_word' id='word_1_136' title='bbox 483 2715 523 2781; x_wconf 91' lang='lat' dir='ltr'><strong>in</strong></span> <span class='ocrx_word' id='word_1_137' title='bbox 558 2710 736 2780; x_wconf 85' lang='lat' dir='ltr'><strong>chronico</strong></span> <span class='ocrx_word' id='word_1_138' title='bbox 774 2734 839 2781; x_wconf 88' lang='lat' dir='ltr'><strong>suo</strong></span> <span class='ocrx_word' id='word_1_139' title='bbox 883 2688 983 2806; x_wconf 86' lang='lat' dir='ltr'><strong>apud</strong></span> <span class='ocrx_word' id='word_1_140' title='bbox 1018 2713 1203 2786; x_wconf 88' lang='lat' dir='ltr'><strong>Oefeliurn</strong></span> 
     </span>
     <span class='ocr_line' id='line_1_23' title="bbox 163 2832 1202 2926; baseline -0.003 -18"><span class='ocrx_word' id='word_1_141' title='bbox 163 2846 254 2908; x_wconf 87' lang='lat' dir='ltr'><strong>torn.</strong></span> <span class='ocrx_word' id='word_1_142' title='bbox 280 2837 327 2907; x_wconf 94' lang='lat' dir='ltr'><strong>ll.</strong></span> <span class='ocrx_word' id='word_1_143' title='bbox 366 2837 494 2907; x_wconf 80' lang='lat' dir='ltr'><strong>saltem</strong></span> <span class='ocrx_word' id='word_1_144' title='bbox 526 2835 655 2926; x_wconf 83' lang='lat' dir='ltr'><strong>paucis</strong></span> <span class='ocrx_word' id='word_1_145' title='bbox 690 2832 892 2921; x_wconf 81' lang='lat' dir='ltr'><strong>adnotavit,</strong></span> <span class='ocrx_word' id='word_1_146' title='bbox 928 2860 966 2905; x_wconf 86' lang='lat' dir='ltr'><strong>se</strong></span> <span class='ocrx_word' id='word_1_147' title='bbox 999 2836 1072 2906; x_wconf 92' lang='lat' dir='ltr'><strong>hoc</strong></span> <span class='ocrx_word' id='word_1_148' title='bbox 1105 2845 1202 2905; x_wconf 85' lang='lat' dir='ltr'><strong>anno</strong></span> 
     </span>
     <span class='ocr_line' id='line_1_24' title="bbox 169 2953 1197 3057; baseline -0.002 -30"><span class='ocrx_word' id='word_1_149' title='bbox 169 2955 309 3050; x_wconf 77' lang='lat'><strong>(1278),</strong></span> <span class='ocrx_word' id='word_1_150' title='bbox 338 2977 411 3046; x_wconf 88' lang='lat' dir='ltr'><strong>quo</strong></span> <span class='ocrx_word' id='word_1_151' title='bbox 437 2980 501 3026; x_wconf 84' lang='lat' dir='ltr'><strong>rex</strong></span> <span class='ocrx_word' id='word_1_152' title='bbox 515 2953 1013 3057; x_wconf 74' lang='lat' dir='ltr'><strong>Ottocamsll.a-Rudolpho</strong></span> <span class='ocrx_word' id='word_1_153' title='bbox 1035 2958 1197 3050; x_wconf 85' lang='lat' dir='ltr'><strong>Impera—</strong></span> 
     </span>
     <span class='ocr_line' id='line_1_25' title="bbox 163 3055 1200 3171; baseline -0.002 -23"><span class='ocrx_word' id='word_1_154' title='bbox 163 3089 245 3148; x_wconf 90' lang='lat' dir='ltr'><strong>tore</strong></span> <span class='ocrx_word' id='word_1_155' title='bbox 287 3079 431 3170; x_wconf 90' lang='lat' dir='ltr'><strong>proelio</strong></span> <span class='ocrx_word' id='word_1_156' title='bbox 468 3077 586 3146; x_wconf 87' lang='lat' dir='ltr'><strong>victus</strong></span> <span class='ocrx_word' id='word_1_157' title='bbox 620 3085 656 3146; x_wconf 85' lang='lat' dir='ltr'><strong>et</strong></span> <span class='ocrx_word' id='word_1_158' title='bbox 684 3055 826 3147; x_wconf 30' lang='lat' dir='ltr'><strong>&#39;cassus</strong></span> <span class='ocrx_word' id='word_1_159' title='bbox 860 3079 1003 3169; x_wconf 81' lang='lat' dir='ltr'><strong>fuerat,</strong></span> <span class='ocrx_word' id='word_1_160' title='bbox 1057 3081 1200 3171; x_wconf 77' lang='lat' dir='ltr'><strong>Progne</strong></span> 
     </span>
     <span class='ocr_line' id='line_1_26' title="bbox 52 3195 585 3290; baseline -0.013 -18"><span class='ocrx_word' id='word_1_161' title='bbox 52 3216 64 3259; x_wconf 81' lang='grc'><strong>’-</strong></span> <span class='ocrx_word' id='word_1_162' title='bbox 164 3199 372 3271; x_wconf 81' lang='lat' dir='ltr'><strong>scholarem</strong></span> <span class='ocrx_word' id='word_1_163' title='bbox 397 3198 520 3267; x_wconf 84' lang='lat' dir='ltr'><strong>fuisse.</strong></span> <span class='ocrx_word' id='word_1_164' title='bbox 547 3195 585 3290; x_wconf 85' lang='grc'><strong>*)</strong></span> 
     </span>
    </p>
   </div>
   <div class='ocr_carea' id='block_1_4' title="bbox 54 3364 456 3395">
    <p class='ocr_par' dir='ltr' id='par_1_4' title="bbox 54 3364 456 3395">
     <span class='ocr_line' id='line_1_27' title="bbox 54 3364 456 3395; baseline -0.005 -3"><span class='ocrx_word' id='word_1_165' title='bbox 54 3372 354 3395; x_wconf 56' lang='grc' dir='ltr'><strong>Μ</strong></span> <span class='ocrx_word' id='word_1_166' title='bbox 453 3364 456 3374; x_wconf 85' lang='grc'><em>“</em></span> 
     </span>
    </p>
   </div>
   <div class='ocr_carea' id='block_1_5' title="bbox 97 3467 1280 4191">
    <p class='ocr_par' dir='ltr' id='par_1_5' title="bbox 97 3467 1204 3868">
     <span class='ocr_line' id='line_1_28' title="bbox 97 3467 1201 3559; baseline -0.004 -21"><span class='ocrx_word' id='word_1_167' title='bbox 97 3467 140 3557; x_wconf 77' lang='grc'><strong>*)</strong></span> <span class='ocrx_word' id='word_1_168' title='bbox 162 3472 268 3538; x_wconf 84' lang='lat' dir='ltr'><strong>Verba</strong></span> <span class='ocrx_word' id='word_1_169' title='bbox 292 3473 447 3536; x_wconf 88' lang='lat' dir='ltr'><strong>Volcmori</strong></span> <span class='ocrx_word' id='word_1_170' title='bbox 474 3476 562 3536; x_wconf 87' lang='lat' dir='ltr'><strong>sunt:</strong></span> <span class='ocrx_word' id='word_1_171' title='bbox 583 3474 652 3546; x_wconf 79' lang='lat' dir='ltr'><strong>„lit</strong></span> <span class='ocrx_word' id='word_1_172' title='bbox 669 3493 741 3536; x_wconf 87' lang='lat' dir='ltr'><strong>ecce</strong></span> <span class='ocrx_word' id='word_1_173' title='bbox 757 3470 825 3537; x_wconf 79' lang='lat' dir='ltr'><strong>lien</strong></span> <span class='ocrx_word' id='word_1_174' title='bbox 837 3476 941 3557; x_wconf 86' lang='lat' dir='ltr'><strong>junior</strong></span> <span class='ocrx_word' id='word_1_175' title='bbox 968 3471 1201 3559; x_wconf 82' lang='lat' dir='ltr'><strong>(wenceslaus,</strong></span> 
     </span>
     <span class='ocr_line' id='line_1_29' title="bbox 157 3572 1202 3663; baseline 0.001 -21"><span class='ocrx_word' id='word_1_176' title='bbox 157 3581 330 3658; x_wconf 86' lang='lat' dir='ltr'><strong>„Piemioll</strong></span> <span class='ocrx_word' id='word_1_177' title='bbox 349 3581 487 3642; x_wconf 82' lang='lat' dir='ltr'><strong>ottocari</strong></span> <span class='ocrx_word' id='word_1_178' title='bbox 507 3578 578 3642; x_wconf 85' lang='lat' dir='ltr'><strong>victl</strong></span> <span class='ocrx_word' id='word_1_179' title='bbox 595 3579 706 3661; x_wconf 81' lang='lat' dir='ltr'><strong>tilius),</strong></span> <span class='ocrx_word' id='word_1_180' title='bbox 741 3572 842 3645; x_wconf 83' lang='lat' dir='ltr'><strong>subito</strong></span> <span class='ocrx_word' id='word_1_181' title='bbox 858 3586 965 3663; x_wconf 82' lang='lat' dir='ltr'><strong>incipit</strong></span> <span class='ocrx_word' id='word_1_182' title='bbox 981 3582 1136 3645; x_wconf 77' lang='lat' dir='ltr'><strong>infirmari.</strong></span> <span class='ocrx_word' id='word_1_183' title='bbox 1160 3615 1202 3626; x_wconf 91' lang='lat'>—</span> 
     </span>
     <span class='ocr_line' id='line_1_30' title="bbox 156 3682 1204 3765; baseline 0 -19"><span class='ocrx_word' id='word_1_184' title='bbox 156 3685 247 3761; x_wconf 82' lang='lat' dir='ltr'><strong>„Nos</strong></span> <span class='ocrx_word' id='word_1_185' title='bbox 273 3704 345 3747; x_wconf 85' lang='lat' dir='ltr'><strong>vero</strong></span> <span class='ocrx_word' id='word_1_186' title='bbox 369 3683 540 3757; x_wconf 78' lang='lat' dir='ltr'><strong>scholares,</strong></span> <span class='ocrx_word' id='word_1_187' title='bbox 568 3682 812 3763; x_wconf 61' lang='lat' dir='ltr'><strong>quodammodo</strong></span> <span class='ocrx_word' id='word_1_188' title='bbox 836 3687 990 3765; x_wconf 81' lang='lat' dir='ltr'><strong>pueriles,</strong></span> <span class='ocrx_word' id='word_1_189' title='bbox 1025 3688 1077 3764; x_wconf 89' lang='lat' dir='ltr'><strong>qui</strong></span> <span class='ocrx_word' id='word_1_190' title='bbox 1104 3688 1204 3748; x_wconf 84' lang='lat' dir='ltr'><strong>solent</strong></span> 
     </span>
     <span class='ocr_line' id='line_1_31' title="bbox 157 3787 1203 3868; baseline 0.005 -21"><span class='ocrx_word' id='word_1_191' title='bbox 157 3805 218 3864; x_wconf 88' lang='lat' dir='ltr'><strong>„se</strong></span> <span class='ocrx_word' id='word_1_192' title='bbox 233 3789 375 3867; x_wconf 78' lang='lat' dir='ltr'><strong>ingerere</strong></span> <span class='ocrx_word' id='word_1_193' title='bbox 398 3787 578 3849; x_wconf 83' lang='lat' dir='ltr'><strong>familiarius</strong></span> <span class='ocrx_word' id='word_1_194' title='bbox 598 3796 630 3849; x_wconf 88' lang='lat' dir='ltr'><strong>et</strong></span> <span class='ocrx_word' id='word_1_195' title='bbox 648 3788 799 3849; x_wconf 84' lang='lat' dir='ltr'><strong>ardentius</strong></span> <span class='ocrx_word' id='word_1_196' title='bbox 817 3788 938 3848; x_wconf 83' lang='lat' dir='ltr'><strong>ceribus</strong></span> <span class='ocrx_word' id='word_1_197' title='bbox 957 3789 1203 3868; x_wconf 79' lang='lat' dir='ltr'><strong>quibuscunque,</strong></span> 
     </span>
    </p>

    <p class='ocr_par' dir='ltr' id='par_1_6' title="bbox 104 3878 1280 4191">
     <span class='ocr_line' id='line_1_32' title="bbox 104 3878 1280 3979; baseline 0.003 -26"><span class='ocrx_word' id='word_1_198' title='bbox 104 3900 109 3907; x_wconf 90' lang='lat'><em>&#39;</em></span> <span class='ocrx_word' id='word_1_199' title='bbox 158 3878 402 3968; x_wconf 81' lang='lat' dir='ltr'><strong>„excurrimus,</strong></span> <span class='ocrx_word' id='word_1_200' title='bbox 425 3900 456 3955; x_wconf 89' lang='lat' dir='ltr'><strong>ct</strong></span> <span class='ocrx_word' id='word_1_201' title='bbox 475 3900 607 3956; x_wconf 86' lang='lat' dir='ltr'><strong>montem</strong></span> <span class='ocrx_word' id='word_1_202' title='bbox 634 3893 733 3979; x_wconf 82' lang='lat' dir='ltr'><strong>(arcis</strong></span> <span class='ocrx_word' id='word_1_203' title='bbox 750 3889 933 3979; x_wconf 77' lang='lat' dir='ltr'><strong>Pregensis)</strong></span> <span class='ocrx_word' id='word_1_204' title='bbox 955 3897 1202 3969; x_wconf 88' lang='lat' dir='ltr'><strong>conscendimns;</strong></span> <span class='ocrx_word' id='word_1_205' title='bbox 1275 3911 1280 3915; x_wconf 87' lang='grc'><strong><em>·</em></strong></span> 
     </span>
     <span class='ocr_line' id='line_1_33' title="bbox 160 3990 1204 4083; baseline 0.007 -27"><span class='ocrx_word' id='word_1_206' title='bbox 160 4000 336 4070; x_wconf 84' lang='lat' dir='ltr'><strong>„intrantes</strong></span> <span class='ocrx_word' id='word_1_207' title='bbox 366 4004 466 4059; x_wconf 87' lang='lat' dir='ltr'><strong>nutem</strong></span> <span class='ocrx_word' id='word_1_208' title='bbox 502 4000 619 4080; x_wconf 81' lang='lat' dir='ltr'><strong>regiam</strong></span> <span class='ocrx_word' id='word_1_209' title='bbox 647 3999 758 4074; x_wconf 81' lang='lat' dir='ltr'><strong>aulum,</strong></span> <span class='ocrx_word' id='word_1_210' title='bbox 790 3990 918 4064; x_wconf 79' lang='lat' dir='ltr'><strong>vidimus</strong></span> <span class='ocrx_word' id='word_1_211' title='bbox 947 4005 1059 4065; x_wconf 84' lang='lat' dir='ltr'><strong>ibidem</strong></span> <span class='ocrx_word' id='word_1_212' title='bbox 1098 4021 1204 4083; x_wconf 75' lang='lat' dir='ltr'><strong>regem</strong></span> 
     </span>
     <span class='ocr_line' id='line_1_34' title="bbox 159 4098 540 4191; baseline 0.01 -25"><span class='ocrx_word' id='word_1_213' title='bbox 159 4103 310 4184; x_wconf 87' lang='lat' dir='ltr'><strong>„(morbo</strong></span> <span class='ocrx_word' id='word_1_214' title='bbox 331 4098 540 4191; x_wconf 71' lang='lat' dir='ltr'><strong>adlectum).“</strong></span> 
     </span>
    </p>
   </div>
   <div class='ocr_carea' id='block_1_6' title="bbox 0 0 1338 4456">
    <p class='ocr_par' dir='ltr' id='par_1_7' title="bbox 0 0 1338 4456">
     <span class='ocr_line' id='line_1_35' title="bbox 0 0 1338 4456; baseline 0 0"><span class='ocrx_word' id='word_1_215' title='bbox 0 0 1338 4456; x_wconf 95' lang='lat' dir='ltr'><strong> </strong></span> 
     </span>
    </p>
   </div>
  </div>
 </body>
</html>
