2662 4456
154 118 199 189 38
260 193 266 204 Ι

158 298 328 393 „Ducem
360 286 608 372 tsmffimtlte
641 293 838 367 Societstls
864 295 1104 385 abstinuisse,
1139 307 1177 369 et
1195 316 1286 371 cou-

158 426 326 513 ,3tentum
342 468 355 508 ‚
370 419 581 513 ¹aliquando
598 419 716 490 sisere
736 427 774 489 et.
790 417 928 504 adfui,
952 419 1289 497 intimumjconsue·

160 545 376 634 „tudinem
405 564 477 632 qua
493 543 595 634 prius
615 541 817 627 utebatur„
832 541 1071 616 exclusisse“
1099 536 1168 631 (H.
1178 537 1256 632 8.)

250 661 367 735 Nacta
397 673 453 733 est
482 670 666 733 caeterum
691 661 820 733 domus
841 671 878 731 et
897 661 1127 754 maasiam
1151 662 1292 755 largum

156 806 265 878 opem
291 792 327 855 et
351 807 472 856 rerum
489 782 654 855 subsidia
671 805 692 851 s
708 782 882 874 Principe
896 780 1010 859 ‚uidua
1030 783 1221 874 Polyxena
1237 783 1288 867 de

144 901 396 992 -Lobkc'witz,
434 928 529 998 quus
553 903 801 997 magistriset
826 904 948 979 sociis
964 903 1112 989 domus,
1149 903 1289 973 vicenis

156 1025 334 1118 amplius,
361 1036 496 1099 cuncta
515 1026 629 1098 victui
653 1033 692 1099 st
718 1024 869 1099 amictui
885 1026 1100 1101 necessaria
1124 1024 1289 1099 liberali-

154 1155 211 1217 ter
235 1147 418 1240 praebuit.
496 1216 503 1225 ,
941 1216 945 1225 ,
1006 1216 1028 1225 ,,
1103 1218 1107 1225 ,

244 1267 444 1338 Ptautmes
468 1265 1005 1361 gymnasiumproprio‘sacris
1030 1263 1212 1337 habendis
1231 1287 1289 1333 sa-

154 1387 251 1457 cello
276 1389 517 1477 instructum,
560 1396 598 1459 et
630 1395 786 1477 quatuor
815 1390 1077 1479 grammaticae
1112 1386 1289 1457 classibus

139 1505 321 1599 poetices
348 1510 477 1579 classis
513 1508 641 1587 addita
674 1516 742 1577 est.
779 1502 847 1597 (H.
872 1504 934 1599 S.)
984 1507 1067 1579 Hac
1096 1531 1146 1579 ¹en
1179 1529 1291 1577 causa

151 1628 290 1700 factum
316 1630 510 1715 existimo,
549 1639 591 1699 ut
619 1627 937 1707 unni-saeculares
964 1629 1010 1697 ub
1036 1631 1107 1697 isto
1134 1648 1285 1720 gymna-

154 1751 199 1818 sii
225 1751 341 1819 nostri
370 1749 643 1841 quodammodo
665 1749 842 1841 completi
861 1759 1027 1838 tempore
1043 1759 1291 1820 numerentur.

245 1866 360 1943 Amce
385 1872 481 1941 1631.
533 1865 726 1962 Occupato
755 1871 800 1940 ab
826 1871 992 1941 exercitu
1018 1870 1198 1953 saxonico
1218 1868 1289 1955 bo-

154 1991 286 2061 stiliter
325 1990 469 2084 Frage,
513 1991 667 2076 scholae
710 1991 878 2082 periculo
923 2001 1078 2083 urgente
1118 1991 1288 2077 desertae

152 2111 267 2181 inere.
316 2110 437 2205 Ligna
469 2113 631 2183 fabricae
665 2111 846 2183 destinata
880 2122 917 2191 et
941 2115 1024 2205 ipsa
1050 2113 1287 2196 domomum

153 2233 291 2302 scholis
337 2233 537 2326 direptioni
584 2235 733 2305 militari
781 2234 997 2320 cessissent,
1041 2232 1132 2311 nisi·
1154 2233 1286 2303 Battus

152 2351 282 2438 Knnz,
311 2355 440 2424 consul
457 2352 784 2446 Micropragenus‚
810 2338 904 2421 baec
923 2353 1103 2421 industria
1121 2377 1186 2422 sua
1210 2377 1286 2422 ser-

152 2481 272 2543 vasset
294 2469 359 2562 (H.
375 2470 454 2566 S..)
471 2473 595 2564 Eques
617 2474 663 2544 de
681 2473 911 2571 Kokoriown
934 2473 1021 2543 3600
1037 2474 1076 2542 fl.
1101 2496 1169 2568 pro
1188 2454 1288 2547 aleu-

153 2593 201 2663 do
226 2593 383 2669 musices
408 2572 611 2689 intemplo
638 2595 754 2665 choro
781 2592 965 2662 concedit.
1155 2570 1158 2585 ⁵

99 2731 106 2770 ἱ
156 2764 158 2768 -
243 2708 358 2784 Anno
383 2694 501 2785 16³2..
530 2714 707 2803 Scholae,
733 2716 915 2806 magistris
943 2722 979 2784 et
1006 2714 1197 2809 discipulis
1223 2739 1287 2786 va-

154 2855 257 2921 cuae,
284 2855 306 2901 e
331 2816 505 2904 ministris
523 2835 771 2929 ¹confessionis
793 2844 1015 2925 augustanae
1048 2836 1285 2906 inhabitatae.

149 2954 314 3024 Reddita
339 2951 488 3023 Caesari
512 2954 655 3047 Praga,
681 2955 809 3026 Patres
836 2955 875 3025 S.
900 2957 1022 3025 omnia
1055 2956 1095 3024 in
1122 2956 1287 3028 discessu

149 3075 387 3144 tumultuarie
423 3074 570 3162 abdita,
608 3075 698 3166 quin
732 3086 768 3145 et
795 3077 1065 3168 supellectilem
1098 3078 1284 3147 librariam

150 3203 206 3265 sat
231 3197 391 3264 feliciter
416 3197 549 3266 iterum
573 3194 773 3265 inveniunt.
824 3194 933 3284 „Non
967 3214 1096 3287 parum
1127 3197 1281 3289 profuit,

152 3315 285 3404 „addit
322 3326 471 3406 auctor,
506 3317 626 3387 dictos
662 3317 847 3387 ministros
872 3292 1044 3388 habuisse
1069 3318 1280 3409 inquilinos,
1324 3410 1325 3417 ἵ

152 3461 246 3529 „per
272 3456 334 3506 eos
364 3438 461 3507 enim
497 3414 625 3509 domus
664 3447 790 3509 nostre
816 3460 838 3509 a
863 3439 1047 3511 Suionum
1073 3420 1279 3533 direptione
1322 3498 1325 3542 ἱ

151 3559 311 3644 „mansit
336 3557 544 3629 immunis.“
573 3555 641 3650 (H.
668 3554 729 3650 S.)
846 3632 849 3638 ,
947 3649 950 3654 ,
1165 3604 1182 3627 ·.
1321 3615 1325 3664 Ι

136 3770 140 3777 Ι
244 3673 358 3750 Anno
383 3679 479 3749 1633.
526 3678 663 3749 Domus
689 3687 727 3748 et
752 3676 960 3747 scholarum
987 3689 1151 3772 egestas,
1178 3681 1280 3751 dam·

151 3815 199 3861 no
224 3801 440 3884 praesertim
467 3799 650 3870 aediliciis
672 3801 801 3869 hostili
826 3802 1029 3894 irruptione
1055 3802 1186 3891 illato,
1213 3804 1280 3872 llo·
1315 3884 1325 3927 „

150 3913 247 3984 renis
279 3919 380 3987 mille
414 3931 452 3991 et
485 3920 664 3993 sexcentis
706 3921 886 4014 amplius,
932 3923 1155 4001 liberalitate
1190 3925 1280 3997 ami·
1316 3914 1325 4007 ’,

33 4123 36 4129 ,
150 4056 276 4115 torum
301 4039 471 4133 collatis,
497 4043 674 4137 tantisper
698 4042 850 4121 levatur.
876 4041 1014 4151 (ibid.)
1313 4006 1325 4173 ζ
