2662 4456
1181 127 1226 205 2³

184 306 223 377 b.
247 306 281 377 E
302 309 554 378 continuatore
583 304 736 378 Cosmae
763 305 880 375 altero
899 305 949 376 ad
974 328 1108 379 anuum
1132 309 1227 384 1271.

94 428 328 527 epitaphium
343 426 442 516 Viti,
467 430 611 500 Decaui
629 429 851 521 Prageusis:

222 603 292 687 „ua
310 604 394 665 Deus
412 605 570 666 aethereos
587 601 660 664 Vito
677 600 881 664 conscendere
900 603 1013 680 coelos,

100 724 111 751 κ
221 704 502 786 „Astrigerumque
518 723 606 767 sacro
627 705 684 766 sub
702 705 825 764 nomine
841 722 968 767 noscere
985 707 1114 788 eoelum,

222 809 465 891 ,Perpetuoque
482 810 545 872 frui
562 810 627 869 slne
643 809 750 870 mortis
768 808 889 889 legibus
907 808 1014 875 aevo.“

189 993 224 1041 c.
249 971 466 1044 Franciscus
503 972 681 1042 chronico
717 996 782 1043 suo
816 972 993 1065 plurimos
1030 976 1229 1045 versiculos

91 1095 260 1164 leoninos
277 1095 446 1180 intexuit,
474 1092 606 1163 Cosma
634 1103 756 1162 tamen
782 1094 895 1186 longe
923 1095 1088 1184 inferior,
1126 1097 1232 1189 cujus

90 1212 362 1306 homoeoptota
379 1217 488 1284 etiarn
508 1216 609 1283 lectu
641 1214 789 1282 duriora
806 1223 911 1301 rsunt.
964 1216 1148 1286 Sermonis
1176 1218 1231 1285 la-

92 1336 167 1402 tini
185 1334 252 1402 etsi
276 1357 350 1402 non
369 1343 503 1421 artem,
532 1341 692 1400 attamen
710 1337 855 1425 copiam
874 1343 930 1401 sat
947 1336 1098 1406 multam
1126 1360 1170 1406 ex
1189 1339 1233 1405 iis

95 1476 289 1547 agnoscas.

189 1592 348 1661 Enotavi
380 1589 502 1658 adhuc
526 1590 749 1660 echronicis
770 1593 900 1659 uostris
928 1592 1094 1661 miscella
1121 1584 1235 1685 quael

96 1713 194 1801 dam,
222 1708 369 1777 adrem
389 1734 463 1778 non
481 1710 574 1778 nihil
600 1712 786 1795 facientia,
815 1735 908 1800 quae
937 1712 1002 1781 hic
1037 1717 1234 1810 antiquita-

94 1836 142 1902 tis
160 1833 268 1902 simul
287 1830 440 1922 alicujus
462 1851 573 1915 causa
592 1853 666 1899 non
687 1854 835 1926 prorsus
858 1834 1061 1902 omittenda
1080 1835 1192 1906 duxi:

190 1975 223 2040 1.
248 1970 308 2038 Ad
329 1969 564 2038 annum10ti8
583 1968 712 2036 scribit
734 1967 897 2056 Cosmus,
927 1978 966 2039 se
994 1975 1136 2063 synodo
1158 1999 1235 2044 ma-

89 2093 168 2183 jori
190 2117 211 2160 a
231 2101 386 2182 quatuor
413 2088 713 2179 Archiepiscopis
746 2101 782 2158 et
815 2091 1011 2162 duodecim
1034 2095 1234 2188 Episcopis

93 2212 314 2303 Moguntiae
332 2210 539 2278 celebratae
560 2210 780 2280 interfuisse.

187 2339 221 2402 2.
256 2331 317 2399 Ad
346 2351 477 2399 annum
505 2331 601 2398 1153.
625 2330 840 2400 Vincentius
874 2332 914 2400 in
948 2332 1126 2404 chronico
1168 2358 1234 2405 suo

92 2450 299 2540 Juditham,
335 2451 529 2520 Wladislai
548 2451 652 2520 ducis
677 2454 895 2545 conjugem,
935 2455 1050 2523 latine
1079 2455 1229 2525 doctam

93 2574 208 2642 fuisse
224 2576 350 2644 refert.

187 2702 220 2765 3.
247 2695 307 2764 Ad
327 2691 555 2762 aunuu1180
581 2687 794 2757 Chronicon
811 2687 977 2757 Siloense
993 2689 1233 2767 haechabets

95 2815 356 2902 „Valentinus
385 2812 598 2905 capellanus
617 2808 869 2894 Elisabethae,
910 2808 1014 2880 ducis
1044 2811 1234 2888 Ftiderici

93 2930 308 3029 „conjugis,
337 2933 565 3027 episcopatui
584 2931 762 3022 Progensi
794 2932 839 3001 ab
868 2929 934 3005 illa
968 2932 1183 3020 destinatus,
1212 2957 1235 3003 a

95 3060 314 3144 „canonicis
334 3065 543 3126 constanter
559 3051 809 3144 rejiciebatur,
837 3053 938 3142 quod
966 3055 1115 3147 linguae
1146 3056 1232 3123 lati-

93 3201 194 3264 „uae
213 3181 330 3249 minus
351 3200 483 3269 gnarus
509 3174 644 3243 esset.“
679 3173 760 3240 Non
781 3181 857 3240 erat
885 3183 1006 3244 autem
1036 3199 1056 3245 e
1087 3176 1230 3268 gremio

94 3301 277 3370 ecclesiae
318 3297 527 3389 Pragensis.
586 3293 778 3383 Pilgrimi,
823 3294 1031 3386 Praepositi
1065 3297 1228 3384 Pragen·

94 3421 171 3508 sis,
226 3406 432 3491 interventu
480 3413 711 3489 solummodo
747 3413 986 3495 Elisabethae
1022 3414 1233 3487 auctoritati

91 3541 245 3611 taudem
262 3545 552 3633 obtemperatum
572 3544 639 3605 est.

187 3665 222 3735 4.
248 3663 464 3733 Anuo1237
488 3657 724 3729 Burchardus
751 3657 810 3728 vel
827 3655 1035 3732 Bernardus
1057 3677 1079 3723 a
1109 3652 1228 3727 Scho«

96 3782 225 3852 lastici
249 3808 398 3853 munere
420 3785 467 3853 ad
486 3783 719 3872 episcopatus
741 3779 957 3871 dignitatem
977 3784 1152 3846 evectus„

188 3903 221 3972 5.
246 3905 356 3973 Anno
374 3907 457 3979 1267
493 3911 586 3971 teste
623 3900 786 3972 secundo
806 3898 959 3969 Cosmae
989 3895 1227 3967 Continuato·

88 4048 147 4112 re,
175 4028 339 4096 concilio
364 4026 527 4094 Viennae
552 4025 591 4094 in
617 4025 765 4098 dustria
790 4020 1030 4096 aCardiualo
1056 4017 1227 4095 Guidous
