2662 4456
104 308 214 404 „tire
231 292 361 398 lilium,
394 286 606 381 lraeresiem¹
628 327 825 404 regnorum
850 292 996 384 snorum
1020 314 1240 409 reliquisset·

104 431 336 525 „Josephum
352 428 414 518 Il.,
441 433 687 503 Romanorum
712 431 1012 525 gloriosissimum
1030 438 1242 531 imperato-2

104 576 222 642 „rem,
248 574 317 644 pro
343 553 447 645 cujus
472 551 588 640 felici,
615 554 759 640 fausto,
797 553 1042 648 diuturnoque
1076 542 1239 653 imperio

101 675 320 768 „gymnasia
338 683 422 742 vota
439 674 502 766 pia
517 673 699 745 faciunt.“
726 674 912 744 Hactenus
924 676 1024 748 Hist.
1040 680 1238 772 compenda

191 797 251 866 lta
286 795 331 864 ab
359 814 452 863 anno
487 796 572 864 1636
597 795 645 865 ad
669 797 756 865 1786
787 795 896 889 primi
927 796 993 866 illi·
1021 822 1043 868 a
1079 801 1233 870 condito

99 915 288 1010 gymnasio
316 924 440 983 nostro
466 924 613 983 centum
641 923 677 983 et
704 916 972 1008 quinquaginta
1007 922 1104 1005 anni,
1132 944 1238 1013 quo·-

97 1061 179 1108 1um
203 1036 426 1121 memoriam,
449 1044 577 1126 utpote
605 1035 794 1126 aliquanto
814 1039 1049 1108 vetustiorem
1073 1040 1141 1110 hic
1169 1065 1233 1112 re-

99 1156 305 1227 vocandam
337 1179 417 1227 esse
459 1164 622 1225 nostrum
656 1155 844 1246 duximus,
890 1156 1078 1230 effluxere.
1128 1161 1234 1248 Quae

96 1274 185 1377 inde
213 1287 338 1347 secuta
364 1286 449 1347 sunt
473 1286 654 1370 tempora,
691 1277 909 1347 uberrimam
935 1290 1036 1351 certe
1059 1265 1111 1350 ¹et
1146 1284 1234 1352 feli-

95 1394 276 1469 cissimam
315 1398 492 1469 historiae
532 1397 802 1490 gymnasiorum
842 1404 1032 1472 materiam
1067 1403 1231 1473 venturis

95 1520 199 1590 annis
225 1518 464 1611 praebebunt.
515 1519 607 1589 Nam
633 1528 778 1607 cuncta,
806 1542 900 1610 quae
926 1506 1139 1591 immortalis
1161 1544 1231 1591 no*

93 1640 202 1710 minis
229 1640 446 1732 Imperatrix
472 1660 516 1708 ae
540 1641 685 1732 Regina
721 1640 841 1713 Maria
869 1641 1047 1712 Therasia
1073 1665 1156 1713 cum
1184 1642 1237 1712 ad·

94 1764 249 1831 salutem
275 1760 386 1828 totius
415 1759 599 1844 civitatis,
625 1769 703 1827 tum
736 1759 784 1826 ad
812 1761 1014 1829 stadiorum
1048 1754 1234 1832 rationem

92 1879 379 1979 promovendam
415 1879 568 1947 consilio
604 1877 872 1970 sapientissimo
904 1889 941 1949 et
978 1870 1233 1952 sollicitudine

91 2024 177 2074 vero
201 2009 363 2071 materna
388 2000 606 2089 instituerat,
632 2000 790 2092 Augusti
816 1997 1004 2089 Caesarea,
1040 1990 1118 2095 ejus
1144 2023 1232 2073 ιιιο-Ι

94 2124 255 2194 cessores
281 2124 362 2217 pari
396 2123 576 2214 sapientia
611 2131 647 2191 et
682 2106 836 2214 patemo
862 2122 902 2191 in
939 2122 1124 2217 subjectos
1160 2125 1231 2195 sibi

93 2244 253 2340 populos
282 2266 402 2312 amore
427 2243 513 2312 tuiti
539 2252 622 2311 sunt
650 2252 687 2309 et
713 2243 949 2311 adauxerunt.

185 2366 410 2434 Emanarunt
435 2364 562 2450 itaque
586 2340 778 2451 postremis
807 2361 1146 2455 hisquinquaginta
1165 2384 1231 2433 au·

93 2487 150 2558 uis
188 2488 233 2556 ab
261 2506 354 2557 anno
381 2484 466 2552 1780
493 2479 540 2549 ad
568 2481 661 2551 haec
686 2504 803 2573 usque
841 2479 1008 2574 tempora
1044 2479 1145 2574 leges
1173 2476 1231 2554 sa·

90 2606 338 2703 pientissimae
350 2626 392 2677 ac
401 2604 658 2675 saluberrimae
668 2603 715 2673 ad
728 2602 930 2673 tudiorum
939 2590 1117 2672 rationem
1127 2612 1163 2673 et
1168 2605 1231 2697 ju·

92 2729 403 2821 vertutispatriae
417 2727 682 2796 institutionem
700 2716 797 2795 omni
822 2723 932 2792 modo
940 2712 1235 2816 promovendam

190 2847 243 2918 Ut
286 2871 307 2918 e
341 2846 506 2939 plurimis
541 2828 701 2937 aliquas*
719 2854 862 2916 tantum
895 2830 1109 2930 memorem,
1152 2846 1230 2914 Au·

93 2979 220 3068 gustus
266 2964 400 3035 Caesar
441 2965 625 3058 Josephus
660 2963 708 3033 11.
776 2965 926 3033 decreto
959 2967 992 3031 8.
1038 2961 1230 3034 Februarii

94 3088 178 3163 1783
204 3089 355 3181 scripto,
382 3084 559 3155 rationem
583 3086 808 3177 peculiarem
834 3081 1036 3167 constituit,
1074 3078 1146 3172 qira
1166 3082 1230 3175 ju·

93 3224 222 3285 ventus
248 3213 287 3281 ia
312 3207 508 3302 gymnasiis
535 3217 612 3277 tum
639 3206 686 3275 ud
699 3206 886 3274 literarum
912 3201 1046 3290 studia,
1072 3210 1150 3271 tom
1168 3205 1229 3274 iu-

94 3333 222 3429 'primis
260 3329 308 3400 ad
332 3351 472 3398 morum
496 3329 738 3423 probitatem,
773 3329 948 3420 pietatem
981 3325 1021 3391 in
1044 3323 1164 3394 licum
1191 3333 1229 3394 et

93 3457 192 3526 sitae
226 3450 453 3523 honestatem
489 3448 705 3518 duceretur.¹
760 3447 822 3517 Ad
858 3444 1089 3515 excitandam
1120 3444 1231 3517 indu·

96 3578 222 3646 striam
242 3574 417 3666 juvenum
436 3573 596 3671 optimae
616 3570 764 3660 quidem
790 3564 881 3659 spe'i,
906 3565 1064 3636 sedcum
1088 3574 1232 3659 egesta·

95 3709 135 3767 te
161 3666 450 3781 colluctantium,
464 3666 614 3762 decreto
636 3666 691 3762 26.
709 3690 845 3782 Aprilis
862 3691 948 3759 1781
963 3691 1142 3759 sancitum
1162 3698 1231 3777 est,

96 3831 137 3893 ut
163 3844 184 3891 e
210 3824 370 3891 collecto
393 3843 414 3890 a
441 3817 628 3910 discipulis
655 3812 943 3906 opulentioribus
971 3813 1164 3899 didactro,
1184 3814 1230 3887 iis

97 3941 338 4018 sustentandis
364 3940 545 4035 stipendia
562 3930 816 4025 statuerentur,
842 3935 940 4006 unde
967 3935 1141 4026 deinceps
1161 3954 1230 4024 pa-

99 4070 308 4144 trimonium
335 4064 435 4138 velat
470 4063 657 4183 quoddam
681 4061 887 4137 literarium
900 4076 902 4081 '
909 4081 981 4155 pro
1006 4056 1232 4131 sublevanda
