2662 4456
91 128 135 208 36

93 313 259 404 „scholis
278 306 560 394 concrederent,
581 306 648 394 ita,
668 310 709 377 ιιι
728 325 822 375 anno
841 302 928 373 inde
947 305 1128 397 proximo,
1156 330 1243 398 quo.

95 438 172 528 „ad
193 430 642 505 dictamdomurumense
661 423 857 495 Novembri
878 426 1069 496 Musarum·
1086 420 1247 501 colonia.

94 557 284 647 „deducto
301 562 370 640 est,
384 551 465 644 jum
478 571 595 641 prope
614 546 874 639 quadringenti
883 543 986 638 (370)
999 561 1234 619 censerentur

94 676 309 769 „discipuli
343 672 564 747 ,Industrioe
583 671 820 739 incitamenta
840 662 1042 759 (praemia)
1064 681 1148 740 ante
1168 694 1248 745 no·‚

97 801 282 888 „minatus
301 808 424 864 comes
442 792 489 861 de
507 790 628 884 Lippo
641 799 798 879 utroque
818 810 911 856 aooo
928 790 1075 859 liberali
1095 792 1237 883 adjecit

96 942 226 1004 manu,
266 935 486 1005 quamquam
513 915 654 981 nullum
684 918 761 978 erat
795 911 1034 1000 gymnasium,
1066 913 1167 1000 quod
1195 915 1238 983 id

98 1059 241 1132 „genus
261 1035 446 1112 illecebris
467 1053 509 1102 ac
519 1031 806 1101 Maecenatibus
828 1032 1007 1100 careret.“
1036 1028 1104 1122 (H.
1124 1030 1184 1125 S.)

192 1157 296 1225 Haec
319 1156 446 1246 itaque
466 1152 650 1245 deprimis
672 1153 853 1244 gymnasii
874 1154 990 1221 nostri
1000 1154 1116 1222 initiis
1136 1174 1237 1221 com-

98 1289 205 1375 perta
229 1277 430 1363 habemus,
457 1274 556 1344 unde
577 1281 703 1365 patet,
731 1271 827 1340 illud
852 1272 946 1341 an'no
966 1276 1238 1343 isto-classibus

99 1403 172 1473 suis
196 1418 427 1490 nequaquam
457 1394 678 1485 completum
701 1391 835 1479 fuisse,
874 1393 1042 1486 adeoque
1071 1418 1140 1465 nec
1173 1420 1237 1465 ou-

101 1529 187 1595 rium
210 1519 434 1617 saecularem
452 1512 547 1611 inde
561 1516 712 1584 ductum
731 1515 855 1582 fuisse.

193 1641 312 1711 Locus
335 1633 453 1707 autern
473 1630 613 1728 primus
632 1631 669 1725 *)
691 1632 872 1725 gymnasii
902 1645 978 1704 crat
1004 1636 1146 1728 inipso
1174 1637 1241 1706 do-

102 1785 162 1831 mo
182 1741 368 1855 professa,
396 1757 594 1827 sedmulto
614 1750 802 1823 humiliori
821 1754 943 1824 adhuc
963 1765 999 1824 et
1019 1758 1240 1849 simpliciori

102 1893 306 1968 structura,
334 1901 444 1969 quam
466 1899 560 1968 quae
580 1895 676 1943 nunc
695 1875 733 1941 iu
750 1875 831 1942 foro
851 1877 1134 1970 microprageno
1153 1880 1239 1947 visi-

105 2012 166 2073 ιιιι
193 2000 272 2095 **);
328 2008 470 2093 postea
491 1995 644 2067 scholae
676 1997 875 2068 translatae
911 2009 996 2069 sunt
1024 2001 1069 2068 in
1097 1998 1238 2071 vicinas

120 2270 184 2365 f)
205 2275 316 2359 Agitur
333 2240 455 2358 quidem
481 2224 620 2356 inpacto
641 2272 826 2359 autographo
843 2275 887 2342 28
905 2277 986 2339 Junii
1014 2277 1096 2340 illius
1114 2279 1181 2339 soni
1202 2279 1242 2342 do

195 2381 340 2457 sedibus,
371 2382 428 2442 sul»
456 2381 549 2440 trium
578 2373 745 2441 olorum
719 2400 824 2461 signo,
862 2400 938 2461 quur
967 2383 1073 2443 domur
1096 2383 1242 2463 professe

195 2485 297 2569 pretio
320 2485 421 2546 sexies
447 2482 531 2546 mille
563 2484 746 2569 florenorum
773 2486 866 2558 emit,
906 2491 938 2547 et
976 2495 1175 2548 commentum
1200 2487 1245 2549 ibi

200 2589 372 2674 subjectum
387 2592 498 2654 habete
527 2554 668 2669 „Domus
677 2592 822 2655 Dominae
838 2578 1065 2668 lucelenburc,
1084 2594 1136 2656 ubi
1154 2593 1244 2655 scho-

201 2700 288 2775 lnef‘
313 2701 646 2782 Praetereeinspoche,
665 2694 1090 2784 dissolutionempretiihujus
1105 2707 1251 2774 testante,

205 2808 359 2888 adscripto
383 2809 463 2869 hoec
488 2816 596 2869 suntr.
615 2809 689 2882 „nd
714 2811 838 2871 domum
865 2810 1038 2871 scholarum
1073 2807 1248 2888 pertinet.“

200 2902 401 2972 Nihilominus
428 2892 461 2970 ¹et
478 2910 570 2991 sedes
587 2913 665 2972 ittae
690 2919 774 2972 totns
792 2913 1025 2991 comprehensae
1045 2911 1158 2973 fuerint
1176 2911 1248 2974 orei

121 3092 124 3099 Ι
203 3012 310 3072 domus
328 3010 423 3092 ipsius
443 3004 620 3094 professos,
651 3010 749 3093 qualis
769 3021 891 3099 postes
895 3022 1051 3077 exstructa
1067 3014 1135 3088 fuit,
1156 3020 1187 3075 et
1210 3015 1248 3077 od

205 3134 296 3195 quam
324 3111 573 3179 exaedificandum
602 3119 762 3180 nonnullae
780 3117 879 3179 adhuc
897 3119 983 3196 aliae,
1013 3125 1048 3179 ιιι
1067 3119 1176 3180 literae
1196 3138 1250 3179 sn·

204 3239 282 3283 nune
298 3218 420 3302 habent,
443 3226 624 3288 ιοὲιιιιιιιιιιι
641 3234 738 3305 erant,
768 3233 861 3308 prout
879 3226 1077 3306 topographis
1099 3225 1250 3288 Schnlleri

204 3331 334 3388 testante
346 3314 469 3410 scimus,
493 3332 529 3392 sd
540 3330 794 3411 substructionem
812 3332 933 3412 collegii
943 3330 1121 3392 Clementini
1130 3331 1250 3411 Progne

207 3426 331 3494 Veteris
340 3431 430 3496 sedes
441 3432 551 3497 ervium
560 3436 670 3496 vicenis
687 3435 820 3517 amplius
831 3434 1022 3496 redimendas
1040 3435 1250 3514 priusiuisse.

134 3528 357 3617 **)Prosecto
385 3556 443 3599 ιιοιι
467 3538 573 3602 inutile
603 3547 706 3620 essct,
738 3537 766 3601 si
784 3536 1020 3629 ichnographiue
1038 3545 1070 3600 ct
1094 3538 1251 3601 delineati-

198 3661 272 3704 ooes
298 3640 436 3711 locorum
456 3652 487 3708 et
506 3648 636 3725 sedium,
654 3654 828 3709 structurae
847 3648 989 3727 antiquae
1016 3647 1045 3708 ln
1072 3648 1200 3709 orbibus
1222 3651 1253 3706 et

202 3748 330 3825 oppidis,
365 3752 451 3811 nobis
470 3746 599 3815 relictae
615 3753 738 3833 fuirunt,
766 3757 799 3812 ut
815 3751 871 3812 lrsc
892 3751 1009 3813 ratione
1028 3750 1113 3812 velut
1135 3749 1252 3831 species

117 3896 138 3940 Ι.
198 3846 289 3927 ipsc,
314 3858 364 3913 aut
384 3853 483 3936 imago
507 3857 595 3935 quusi
621 3856 769 3937 quaedam
795 3854 982 3928 incrementi,
1016 3860 1067 3917 ιιιι
1093 3855 1123 3914 in
1150 3852 1254 3933 paucis

204 3952 382 4032 quibusdam
407 3962 511 4025 sorsin
542 3974 575 4041 et
600 3966 744 4048 relapsus
770 3965 802 4026 in
828 3965 982 4041 colendis,
1009 3969 1041 4024 et
1072 3958 1252 4023 exornandis

199 4050 339 4146 urbibus,
360 4063 434 4128 vicis
453 4075 485 4132 et
498 4072 575 4159 locls
591 4072 806 4163 uuircrtlmob
823 4074 930 4163 oculos
946 4070 1031 4165 poni,
1048 4075 1140 4165 sinuo
1155 4084 1253 4148 quun·
