2662 4456
1229 85 1253 158 5

102 267 163 337 Pii
188 289 350 338 sororem
366 267 518 360 regiam,
536 267 651 338 latina
670 267 829 358 doctam,
856 266 953 339 fama
979 269 1109 340 saltem
1138 251 1242 342 ac'ce-

102 406 239 495 pimus,
277 405 470 496 eoujugem
501 386 586 473 vero
606 405 802 475 wladislai
828 406 945 475 nostri
969 403 1018 474 Π.
1051 404 1246 478 Jnditham

102 539 255 629 eloquio
285 537 398 607 latino
436 539 617 608 eruditam
650 544 762 612 fuisse
790 540 948 611 historia
971 548 1065 609 teste
1095 543 1241 631 scimus,

98 672 202 742 haec
222 676 323 744 nobis
342 696 416 744 non
426 676 568 744 minora
587 676 671 761 sint,
700 679 792 747 acsi
812 672 1139 747 solumBohemnm
1151 685 1241 747 tunc

96 820 280 901 proventu
308 811 415 878 unius
444 811 531 878 anni
560 811 783 900 opulentius,
822 819 884 881 ant
913 809 1017 877 miles
1046 809 1242 882 wladislai

96 943 199 1011 trina
215 945 370 1014 victoria
388 947 523 1015 clarior
541 944 691 1029 fuisset3
718 969 801 1017 nam
829 948 902 1015 isto
923 965 1073 1035 perraro
1098 944 1237 1016 doctri·

96 1099 171 1147 nae
190 1081 358 1149 consulto
377 1081 562 1171 quaesitae
588 1044 755 1170 eriemplo
784 1080 917 1150 similia
939 1081 1136 1151 multorum
1164 1058 1241 1153 stu-

94 1211 166 1283 dia
184 1215 344 1283 excitata
363 1214 477 1283 luisse
495 1214 689 1306 probabile
708 1222 775 1284 est.

198 1481 378 1570 Quoniam
407 1493 526 1553 autem
554 1486 592 1553 in
612 1484 874 1575 antiquissimis
899 1486 977 1578 jam
996 1485 1138 1577 Pragae
1165 1485 1238 1556 Mi-

96 1619 200 1690 noris
222 1617 362 1687 scholis
393 1620 569 1708 imprimis
589 1621 849 1710 grammaticae
876 1620 1098 1687 mentionem
1125 1620 1239 1689 diser·

94 1755 145 1822 tis
171 1753 291 1821 verbis
311 1754 390 1820 fieri
411 1753 448 1820 in
467 1753 622 1823 decursu
640 1753 748 1845 hujus
768 1734 989 1843 quaestionis
1009 1728 1238 1838 ridebimua3

94 1887 175 1958 hoc
196 1889 302 1957 simul
321 1887 544 1958 innuendum
565 1910 712 1977 censeo,
741 1891 857 1958 solam
869 1891 977 1958 istam
988 1889 1237 1980 disciplinam,

93 2022 190 2093 licet
209 2043 281 2091 non
299 2024 516 2113 priscorum,
545 2024 611 2126 sed
631 2034 756 2093 nostro
777 2025 887 2124 modo
909 2048 988 2093 eam
1017 2026 1065 2093 ad
1084 2026 1238 2093 formam

94 2165 240 2226 tautum
261 2178 304 2225 ac
317 2157 525 2249 juncturam
543 2159 805 2228 vocabulorum
828 2170 865 2228 et
895 2159 1104 2248 analogiam
1122 2179 1235 2248 quau-

97 2292 186 2361 dam
214 2295 387 2361 sermonis
414 2295 634 2391 referamus,
672 2315 904 2384 nequaquam
925 2291 1168 2385 spernendam
1199 2298 1237 2358 et

94 2450 233 2516 susque
260 2428 380 2518 deque
404 2427 612 2497 habendam
641 2449 729 2497 esse.
784 2431 1016 2519 Quicumque
1054 2428 1235 2495 rationem
1301 2409 1304 2417 ’

95 2561 219 2630 omnis
245 2563 431 2648 sermonis,
459 2563 627 2652 adeoque
638 2570 674 2629 et
694 2563 886 2650 cogitandi
906 2571 942 2629 et
963 2558 1159 2652 judicandi
1182 2560 1235 2629 sic

98 2697 285 2768 dimensus
323 2707 402 2784 est,
440 2706 476 2765 et
512 2696 622 2764 certis
657 2694 797 2785 regulis
833 2687 1017 2785 illigavit3
1063 2690 1233 2784 profecto

94 2833 165 2900 ille
193 2856 265 2901 uon
300 2835 478 2902 minorem
511 2829 677 2921 publice·
697 2827 895 2899 utilitatem
931 2827 1076 2911 attulit,
1123 2849 1234 2917 quam

95 2969 162 3058 qui
187 2969 325 3058 primns
353 2969 517 3038 abstrusa
538 2965 878 3035 mathematicorum
898 2969 1098 3056 praecepta
1116 2961 1155 3029 in
1175 2963 1232 3031 lu·

94 3121 140 3170 ce
170 3103 379 3189 collocavit5
408 3111 469 3171 aut
496 3111 675 3169 astrorum
701 3121 846 3170 cursum
865 3110 901 3168 et
920 3100 1056 3168 orbitas
1084 3097 1131 3167 ad
1151 3118 1230 3166 cer·

93 3245 172 3307 tam
197 3240 375 3307 rationem
399 3238 555 3328 redegit.
607 3231 698 3303 Utnt
723 3236 793 3303 ista
819 3228 1009 3303 doctrinae
1028 3255 1112 3324 pars
1134 3250 1230 3301 nuuc

93 3381 131 3440 et
158 3376 294 3465 puerili
322 3373 431 3441 aetati
466 3372 592 3465 pervia
618 3378 694 3455 est,
733 3378 855 3437 tamen
882 3370 969 3455 illa,
1014 3365 1231 3459 praesertim

93 3507 205 3578 altius
231 3519 428 3600 provecta,
474 3508 577 3576 nulla
612 3505 759 3572 omnino
786 3503 984 3597 disciplina
1011 3520 1134 3568 carere
1160 3521 1227 3591 po-

91 3630 190 3730 test,
225 3647 316 3737 quin
349 3662 481 3713 manca
517 3650 553 3710 et
579 3640 759 3709 instabilis
787 3641 858 3722 sit;
905 3647 959 3706 est
987 3633 1084 3701 enim
1109 3656 1228 3703 sermo

89 3785 215 3847 rectus
243 3787 280 3847 et
308 3779 518 3849 emendatus
552 3777 828 3844 instrumentum
853 3769 1040 3863 quoddam
1068 3778 1228 3838 caetera·
1288 3797 1290 3800 >

89 3935 175 3981 rum
201 3917 361 3987 omnium
387 3916 519 3985 artium
545 3911 880 4000 scientiarumque..
914 3903 1107 3990 Caeterum
1136 3903 1229 3970 auti-

91 4047 280 4143 quiajam
304 4050 530 4145 temporibus
557 4046 685 4119 summi
710 4043 793 4132 viri,
819 4043 920 4125 uelut
945 4037 1060 4123 Varro
1088 4047 1124 4123 et
1148 4035 1229 4124 ipse
