2662 4456
108 92 154 175 12

108 354 111 358 ,
159 304 192 353 a.
216 281 399 377 „singulis
427 281 556 353 dicbus
582 289 657 353 tres
682 287 745 352 aut
772 288 926 373 quatuor
940 281 1124 356 scholares
1149 233 1254 380 pau·-

212 427 350 497 „peres
375 404 426 472 ad
450 416 612 514 mensam
630 405 839 493 invitasse,
876 415 912 475 et
938 408 1082 498 ipsum,
1118 417 1158 479 ut
1194 410 1240 478 iis

105 569 110 579 ·
208 528 389 618 „largiter
414 526 649 612 ministretur,
676 527 921 618 praecepisse,
935 530 959 568 “

103 690 111 701 ·
159 651 198 722 b.
224 647 408 738 „eundem
434 669 507 716 non
523 646 903 721 tantumscholar-ibus
930 647 1241 720 subvenissePra-

104 830 107 837 .
209 769 346 861 „gensi
372 769 550 837 ecclesiae
571 766 871 856 deservientibus,
899 768 1092 837 sedetiam
1118 773 1157 838 in
1175 794 1241 863 ge·

102 932 106 939 -
207 889 351 978 „nerali
388 889 510 956 studio
537 888 789 978 existentibus,
829 898 870 962 ut
905 891 944 959 in
976 891 1143 982 plurimis
1169 913 1241 984 po·

206 1011 318 1097 ‚,tuit,
344 1009 590 1102 providisse,“

99 1173 105 1181 ·
197 1129 341 1217 Quodsi
376 1132 456 1220 quis
492 1130 698 1215 dubitaret,
739 1152 786 1200 au
813 1128 943 1200 schnla
978 1130 1072 1202 haec
1109 1133 1239 1201 similis

104 1250 369 1342 aliquomodo
397 1251 594 1343 gymnasiis
621 1252 753 1320 nostris
779 1252 903 1342 fuerit,
939 1256 1051 1323 verba
1076 1254 1237 1323 auctoris

96 1373 258 1444 ,dubium
284 1395 391 1474 omne
416 1372 528 1449 facile
564 1374 721 1442 eximere
745 1374 899 1465 possint.
956 1374 1042 1466 Ipse
1072 1377 1167 1444 enim
1190 1373 1238 1441 il-

99 1494 178 1564 lam
208 1493 348 1565 ibidem
385 1498 541 1587 opponit
579 1493 852 1586 quodammodo
885 1493 1015 1564 studio
1043 1489 1238 1587 generali,

99 1626 142 1684 ut
166 1613 324 1708 proinde
349 1615 525 1685 studium
556 1612 825 1709 particulare,
865 1637 927 1681 seu
953 1615 1100 1684 trivium
1125 1612 1236 1700 illud,

98 1735 384 1826 grammaticam,
411 1734 645 1820 rhetoricam,
675 1744 710 1801 et
723 1733 951 1810 dialecticam
970 1738 1233 1828 complectens,

97 1855 179 1951 ejus
205 1856 350 1922 nomine
377 1856 538 1949 intelligi
565 1856 711 1925 debeat.

92 2038 95 2045 ·
147 2016 183 2067 c.
208 1992 313 2063 Idem
362 1993 603 2065 Continuator
647 1994 695 2064 ad
737 1994 895 2066 cundem
931 2018 1067 2064 annum
1110 2002 1235 2065 narrat

198 2115 411 2212 „praedium
446 2116 597 2208 aliquod
623 2119 669 2187 ab
696 2117 912 2186 Eberhardo
939 2119 1118 2204 canonico
1144 2118 1236 2184 Pra-

89 2262 93 2267 ’
199 2241 332 2332 „gensi
359 2246 494 2309 emtum
528 2249 565 2308 et
600 2260 747 2313 censum
772 2239 812 2306 in
848 2239 999 2307 alendos
1034 2235 1234 2305 duodecim

198 2359 437 2447 „scholares,
466 2362 528 2451 qui
547 2360 635 2428 boni
656 2360 813 2426 infantes
841 2359 1018 2447 appellati
1045 2366 1150 2443 sunt,
1187 2379 1233 2425 ex

195 2502 239 2549 eo
275 2477 506 2574 adsignatum
531 2481 682 2551 fuisse.“
734 2480 856 2566 Quum
883 2501 969 2547 vero
995 2477 1231 2548 Eberhardus

83 2624 88 2635 ·
187 2599 266 2696 jam
293 2612 376 2671 ante
403 2626 538 2673 nnnurn
562 2601 667 2690 1271,
688 2611 724 2671 et
744 2610 785 2671 ut
804 2625 824 2668 e
841 2601 961 2670 verbis
979 2601 1139 2670 auctoris
1164 2621 1231 2690 ap-

83 2747 87 2754 ·
193 2734 328 2814 paret,¹
350 2725 511 2815 longiori
538 2734 644 2793 antea
669 2734 834 2817 tempore
861 2722 1015 2802 obierit3
1053 2720 1183 2810 colligi
1209 2742 1231 2786 c

162 2851 272 2910 -toto
299 2846 559 2912 continuatoris
586 2851 759 2910 contextu
791 2849 927 2932 potest,
961 2839 1055 2907 hacc
1083 2839 1227 2925 alendis

182 2965 238 3031 tc
263 2962 488 3033 scholaribus
516 2941 561 3032 nb
587 2962 806 3030 Eberhardo
833 2963 1032 3029 constituta
1049 2958 1226 3044 subsidia,

76 3101 77 3105 ’
193 3086 223 3153 si
247 3105 320 3151 non
344 3085 458 3175 prius,
486 3093 585 3151 certe
606 3083 684 3175 jam
703 3100 797 3151 unno
824 3082 901 3151 fere
928 3084 1012 3152 1260
1031 3101 1224 3169 compara-

192 3213 231 3272 ta
265 3204 389 3272 fuisse.
439 3201 601 3274 Fuerant
641 3206 766 3295 itaque
810 3204 961 3274 scholae
998 3223 1042 3270 eo
1077 3223 1226 3292 quoque

191 3335 356 3417 tempore
382 3328 421 3394 in
447 3347 531 3395 arce
556 3329 746 3418 Pragensl.

140 3447 176 3519 d.
206 3449 246 3516 Si
283 3446 329 3514 dc
356 3457 476 3516 aetate
503 3449 643 3537 antiqui
682 3450 720 3514 in
746 3445 974 3516 bibliotheca
999 3442 1222 3532 Metropoli-

188 3579 277 3638 taua
304 3567 459 3656 codicis,
489 3571 643 3661 scriptas
671 3566 867 3636 duodecim
892 3566 952 3635 his
991 3564 1222 3635 scholaribus

92 3698 96 3711 '
186 3690 303 3778 leges,
332 3710 373 3757 ac
401 3691 495 3758 inter
521 3693 609 3759 istas
635 3696 671 3756 et
695 3687 806 3773 hanc,
834 3698 874 3758 ut
893 3712 1017 3757 omnes
1033 3688 1146 3756 latine
1164 3684 1221 3751 lo·

185 3820 345 3899 quantur
370 3813 603 3897 continentis,
631 3817 732 3877 certo
759 3811 865 3877 nobis
905 3818 1110 3888 constaret3
1145 3803 1220 3873 hoc

191 3932 685 4020 etia1n1a1·gumento.rstum
721 3950 764 3997 ac
789 3932 932 4001 firmum
958 3938 1073 4016 esset,
1111 3924 1219 3995 scho-

188 4050 324 4119 iamin
351 4072 434 4120 arce
462 4051 640 4144 Prageusi
677 4053 884 4125 annotato
916 4049 1114 4143 gymnasiis
1150 4065 1216 4112 no-
