2662 4456
1226 102 1268 174 ²¹,

127 273 490 347 commonstrandum
513 286 628 370 puto,
660 277 880 371 perdurasse
908 281 994 371 illa,
1032 281 1119 354 dum
1142 311 1200 357 res
1226 288 1264 356 in

67 376 89 459 s
123 397 306 466 Bohemia
340 397 561 488 tranquillae
595 405 632 465 et
663 378 820 490 pacalae
848 415 981 491 erant,
1020 415 1122 475 certe
1148 431 1263 498 usque

124 516 174 586 ad
200 529 359 586 erectam
385 543 406 587 a
432 516 568 587 'Carolo
594 518 658 588 lv.
684 522 970 592 universitatem.

107 696 111 709 .
217 639 336 708 Facili
362 639 403 707 id
429 648 465 706 et
491 639 680 709 luculento
708 656 923 732 argumento
949 653 1076 735 patei3
1110 648 1260 740 prodie-

120 767 208 828 runt
234 763 330 829 enim
359 784 403 830 ex
428 760 564 829 illustri
592 760 640 829 ad
668 761 714 831 D.
730 762 806 831 Viti
825 765 985 856 collegio
1006 767 1051 834 ab
1071 789 1166 835 anno
1190 771 1261 838 cir-

120 882 214 950 citer
237 883 334 965 1074,
361 881 538 949 continua
555 899 673 974 prope
703 887 796 952 serie
825 906 864 953 se
894 885 1121 975 excipientes
1143 885 1261 956 Cano·

118 1000 195 1069 nici
217 1000 477 1069 chronicorum
493 1001 693 1071 Bohemiae
713 1007 909 1097 scriptores
936 1007 1056 1092 latini,
1092 1007 1141 1078 ad
1160 1031 1261 1078 erec·

119 1130 197 1190 tam
217 1143 334 1209 usqne
363 1145 458 1190 anno
484 1124 569 1192 1348
587 1127 870 1212 universitatem,
900 1146 1054 1215 nempe:

171 1237 210 1330 1)
231 1237 793 1333 CosmasPragensis,Decarrus,
805 1247 896 1318 vixit
915 1245 1038 1314 adhuc
1050 1270 1144 1318 anno
1163 1215 1258 1318 1125}

170 1357 229 1451 11)
245 1359 475 1447 Vincentius,
495 1358 634 1431 Canon.
653 1363 848 1455 Pragensis
926 1415 936 1433 .
989 1416 999 1435 .
1052 1414 1061 1434 .
1115 1416 1124 1435 .
1174 1371 1260 1438 1167

163 1476 242 1570 Ill)
264 1476 778 1579 ContinuatorGosmaelmffl,
798 1482 938 1553 Canon.
956 1485 1069 1578 Prag.
1111 1533 1121 1553 .
1172 1488 1257 1556 1249
1317 1472 1321 1484 ’

165 1596 238 1690 lv)
257 1597 501 1672 continuator
519 1593 619 1690 lldl’,
641 1600 780 1672 Canon.
791 1604 901 1697 Prag.
987 1652 997 1671 .
1049 1579 1122 1676 s.
1172 1606 1257 1677 1283

164 1717 217 1810 V)
236 1718 456 1795 Franciscus
479 1720 568 1791 Can.
588 1724 688 1813 Prag
689 1772 1118 1793 ........
1170 1726 1257 1796 134ss

164 1838 447 1932 v1)Benessius
468 1839 514 1908 de
531 1841 709 1929 Weitmil,
733 1840 872 1914 Canon.
891 1840 1001 1935 Prag.
1046 1891 1056 1913 .
1110 1891 1120 1910 .
1169 1844 1256 1914 1374

205 1959 273 2029 His
291 1963 528 2054 scriptoribus
547 1963 686 2048 latinis,
708 1985 753 2040 ex
765 1984 839 2031 uno
861 1962 1066 2055 eodemque
1087 1965 1250 2056 collegio

112 2077 166 2148 ad
192 2078 240 2146 Ι).
267 2080 363 2168 Viti,
394 2084 458 2152 ubi
489 2082 613 2151 studia
640 2083 755 2152 latina
787 2083 910 2153 adhuc
940 2085 1046 2170 1278,
1082 2085 1249 2174 inprimis

108 2200 280 2290 viguisse,
295 2191 382 2294 'jam
408 2211 493 2272 ante
519 2202 767 2295 probavimus,
797 2225 876 2271 sese
903 2203 1078 2271 continuo
1103 2212 1248 2296 tempo-

108 2344 194 2389 rum
217 2322 347 2392 ordine
367 2323 686 2419 subsequentibus,
708 2324 837 2392 mirum
859 2323 951 2418 quid
976 2332 1013 2397 et
1038 2322 1113 2395 fide
1142 2325 1248 2393 abso-

108 2463 197 2510 num
217 2452 323 2530 esset,
345 2446 388 2530 si,
409 2446 515 2512 rebus
535 2453 696 2513 ceterum
714 2422 869 2535 pacatis*
877 2454 913 2513 et
932 2445 1154 2534 tranquillis,
1169 2433 1248 2512 'illa

100 2562 160 2630 ibi
180 2565 363 2653 quondam
390 2564 539 2634 desiisse
558 2571 787 2655 putarentur,
813 2567 1032 2651 praesertim
1061 2583 1144 2630 cum
1157 2582 1245 2651 pro-

107 2705 235 2775 gressu
253 2689 427 2777 temporis
459 2706 584 2752 eorum
613 2704 755 2771 semper
782 2681 899 2772 major
926 2691 963 2748 et
992 2683 1247 2773 opportunitas

109 2812 146 2872 et
163 2810 358 2876 necessitas
379 2805 659 2877 ostenderetur..

198 2928 271 2997 Res
293 2936 494 2997 memoratu
514 2927 659 3020 dignas,
682 2948 772 3015 quas
793 2922 849 2993 illi
869 2921 917 2992 ad
934 2931 1147 3018 temporum
1165 2921 1243 2994 his-

102 3047 235 3142 toriam
267 3058 304 3119 et
344 3026 541 3148 utilitatem
577 3055 739 3115 nostram
777 3045 1061 3136 consignarunt,
1119 3047 1239 3115 animo

102 3174 209 3256 grato
229 3169 474 3259 excipiamus3
509 3168 673 3236 salebras.
699 3173 735 3233 et
755 3188 888 3234 naevos
915 3163 1003 3255 styli
1030 3186 1132 3251 aevo,
1166 3186 1241 3254 quo

99 3291 276 3379 vixerant,
306 3288 565 3357 condonemus.
620 3282 754 3354 Omnia
773 3287 827 3353 sic
847 3285 924 3353 fere
945 3294 1033 3354 tunc
1063 3294 1099 3353 et
1118 3283 1236 3352 ubivis

99 3414 264 3502 gentium
292 3408 566 3495 scribebantur,
604 3408 734 3474 literae
763 3405 972 3498 principum
997 3404 1171 3495 publicae
1203 3412 1258 3470 et

98 3530 325 3625 diplomata,
363 3554 457 3622 quae
483 3528 634 3608 dicunt3
679 3524 812 3594 nedum
840 3526 896 3593 illi
922 3527 1026 3607 usui,
1076 3523 1238 3610 quamvis

99 3675 177 3723 non
198 3656 347 3723 civitate
375 3654 502 3738 latina,
534 3657 693 3721 attamen
717 3646 935 3718 auctoritate
962 3640 1236 3733 quasipublica

95 3784 274 3867 recepto,
305 3774 487 3842 contraire
519 3769 729 3839 valuissent.
789 3762 969 3834 institutis
998 3760 1133 3833 diutius
1154 3761 1235 3854 jam

90 3897 231 3990 passim
251 3893 555 3978 universitatibus,
574 3889 731 3962 barbara
753 3897 789 3957 et
808 3882 955 3958 soloece
977 3885 1131 3954 sermoni
1149 3881 1233 3950 lati·

94 4038 147 4086 no
164 4025 307 4087 tantum
335 4014 451 4101 abest,
480 4023 521 4083 ut
540 4011 684 4079 detersa
703 4009 851 4098 fuerint,
879 4016 920 4080 ui
944 4009 1068 4100 potius
1085 4004 1174 4074 binc
1195 4007 1232 4068 et
