2662 4456
1142 108 1189 179 27
1215 180 1218 187 .

53 301 116 363 tus
143 290 257 362 fuisse
284 313 306 360 a
330 289 505 386 Benessio
530 288 699 377 refertur,
731 296 842 383 prout
861 288 939 383 jam
966 296 1074 360 antea
1100 313 1196 361 anno

55 413 144 483 1258
168 410 330 482 loannes
367 415 415 484 ob
435 420 577 506 gestum
603 410 827 482 Scholastici
860 434 990 482 munus
1017 410 1199 504 dignitate

56 533 265 628 episcopali
294 542 441 605 ornatus
470 535 603 620 fuerat,
631 532 730 603 unde
755 541 873 625 patet,
899 520 1035 601 literas'
1054 542 1091 602 et
1115 532 1199 603 lite·

56 666 157 725 ratos
181 666 270 725 tunc
295 657 461 748 praemia
488 654 712 748 amplissima
739 662 982 745 consequutos
1005 652 1128 721 fuisse.

156 775 209 845 12.
236 774 344 843 Anno
363 775 448 846 1297
474 775 640 860 aderant,
666 782 760 843 teste
781 771 982 844 Francisco
1003 780 1039 841 et
1058 771 1197 843 Benes·

58 895 118 963 sio
144 895 181 962 in
208 893 338 964 chron.
374 896 413 963 in
440 895 580 965 solenni
605 896 704 988 regis
730 894 940 964 wenceslai
960 892 1010 961 ll.
1043 895 1200 986 inaugu-

57 1014 201 1083 ratione
239 1018 278 1085 in
306 1036 391 1086 arce
417 1016 596 1108 Pragensi
628 1016 701 1085 duo
730 1015 1015 1108 Archiepiscopi
1048 1024 1085 1084 et
1111 1021 1199 1083 octo

60 1133 266 1228 Episcopi,
304 1159 459 1226 quorum
484 1140 631 1207 nomina
656 1139 739 1230 ipsa
765 1136 984 1207 Franciscus
1014 1139 1199 1220 recenset,

57 1262 209 1347 praeter
234 1276 474 1347 permagnum
500 1256 733 1328 sacerdotum
759 1257 938 1352 dignitate
965 1256 1089 1346 aliqua
1112 1255 1202 1326 emi·
1262 1229 1271 1240 .

57 1374 228 1443 nentium
254 1397 454 1446 numerum.
508 1377 649 1464 Quibus
690 1399 710 1453 e
750 1365 999 1450 diversissimis
1036 1376 1200 1466 regioni·

57 1495 128 1564 bus
157 1494 306 1563 advenis
334 1496 435 1586 quod
461 1499 720 1568 commercium
746 1497 848 1567 aliud
875 1496 1049 1565 sermonis
1075 1494 1201 1582 fuerit,

56 1623 318 1708 praeterquam
344 1617 465 1704 latini,
504 1619 607 1710 cujus
628 1641 693 1686 rex
718 1620 798 1711 ipse
823 1626 1016 1707 tantopere
1043 1614 1202 1708 diligens

54 1744 156 1824 erat,
192 1757 299 1805 nemo
325 1724 495 1828 profecto
523 1737 706 1829 dispiciet.
756 1738 839 1809 Hac
870 1737 981 1807 etiam
1007 1738 1204 1807 occasione

57 1852 284 1926 Franciscus
309 1856 380 1927 hos
400 1859 604 1928 versiculos
626 1859 793 1931 leoninos
818 1859 978 1929 recitat:

188 2038 374 2121 „Laetantes
391 2045 493 2102 mente
510 2038 550 2101 de
569 2040 658 2118 Rege
674 2059 754 2102 novo
772 2042 924 2122 sapiente,

189 2143 340 2224 „Dicuntr
360 2144 427 2207 Rex
438 2145 526 2206 divus
543 2143 582 2204 sit
598 2145 659 2206 vita
679 2150 812 2224 perpete
828 2146 926 2217 vivus,

189 2245 344 2330 „Regnet
361 2249 511 2331 proficiat,
531 2247 604 2310 felir
620 2266 714 2330 anper
733 2246 932 2310 omniafrat.“

158 2417 212 2488 13.
236 2417 345 2489 Anno
356 2420 453 2509 1301,
478 2420 632 2493 ibidem.
657 2419 865 2515 Episcopus
876 2418 1072 2513 Pragensis
1090 2415 1204 2486 Joan·

60 2561 130 2608 nes
151 2537 230 2627 lv,
268 2542 430 2610 concilio
446 2540 611 2612 Viennae
635 2541 882 2633 Allobrogum
910 2566 931 2610 a
951 2540 1140 2608 Clemente
1160 2532 1206 2604 V.
1250 2623 1253 2630 Ι

64 2658 256 2731 celebrato
303 2683 416 2751 „cum
453 2661 656 2754 capellanis
700 2658 1018 2730 suisiinterfuitf‘
1071 2652 1206 2762 Redux

63 2780 229 2874 Pragam
253 2782 332 2875 ipse
353 2783 541 2853 solennem
566 2780 746 2874 synodum
763 2779 908 2868 habuit,
935 2780 974 2848 in
998 2800 1070 2869 qua
1090 2776 1207 2849 multa

64 2900 304 2971 saluberrima
323 2904 492 2974 instituit.
510 2938 563 2955 -
590 2906 662 2992 Qui
678 2903 813 2974 donata
825 2904 869 2972 ab
890 2923 933 2970 eo
951 2898 1204 2992 dispensabat,

65 3024 266 3094 canonicus
276 3023 458 3113 Michael,
470 3027 646 3119 Magistri
659 3050 806 3116 quoque
816 3028 853 3095 in
875 3023 1012 3093 artibus
1030 3021 1208 3091 videlicet

65 3145 216 3213 nomine
249 3146 361 3217 venit.
390 3184 443 3200 -·
476 3147 580 3217 Idem
608 3148 803 3240 episcopus
839 3142 1032 3217 conclavia
1059 3142 1208 3212 aedium

62 3286 225 3355 suarum,
250 3277 398 3359 praeter
410 3271 522 3340 alium
540 3270 777 3360 adparatum,
815 3266 939 3338 multia
965 3284 1205 3355 quoquever-

64 3387 168 3456 sibus
195 3387 491 3476 „doctrinalibus
522 3398 559 3458 et
586 3376 798 3477 moralibus,
834 3411 925 3481 quos
953 3383 1097 3455 ecuri'a
1127 3381 1205 3453 Ilo·

65 3530 207 3597 „mana
226 3510 460 3599 adtulerat,“
487 3509 691 3582 adornavit.

164 3647 222 3721 14.
247 3651 308 3720 Ad
328 3675 461 3724 annum
480 3652 577 3723 1316.
612 3650 745 3739 „idem
765 3645 904 3718 cultum
932 3644 1095 3714 divinum
1118 3662 1206 3735 pro-

65 3773 226 3860 „movit,
239 3777 376 3844 sanctis
395 3766 574 3845 doctrinis
585 3781 621 3842 et
632 3768 951 3842 constitutionibus
964 3764 1208 3836 erudiendo.“

65 3890 177 3979 Tres,
206 3917 296 3985 quas
315 3907 450 3967 vocant
469 3892 769 3989 „praebendas,“
796 3888 983 3983 epeculio
1012 3910 1077 3958 suo
1099 3888 1206 3979 largo

68 4012 274 4111 cujuslibet
300 4027 480 4110 proventu
510 4016 724 4106 coustituit,
767 4014 834 4105 ita,
878 4032 927 4083 ue
951 4009 1124 4129 .„reliqui
1143 4027 1205 4077 ca·
