2662 4456
105 261 287 365 vulnerati
312 285 357 334 ex
382 259 512 335 lrustili
531 265 694 337 exercitu
713 263 846 343 milites
871 265 936 336 163
955 265 994 336 in
1013 264 1155 343 scholas
1176 273 1246 343 im-

104 391 229 482 positi,
257 398 294 458 et
320 391 440 499 omnia
464 390 504 460 in
528 391 662 480 dumo,
686 400 729 462 ut
745 391 844 463 hosti
868 391 1049 482 libuerat,
1065 407 1070 413 ·
1085 393 1243 488 direpta.

107 511 305 609 (Ibidem.)
427 550 432 557 ·
888 612 891 616 Δ

194 632 311 735 Auno
336 637 432 708 1649.
467 637 529 707 Ad
555 639 724 709 damnum
749 615 980 710 seruiendum
1006 641 1165 732 plurima
1182 643 1247 711 be-

106 764 238 833 neficia
273 764 430 832 collata:
469 764 516 833 ab
541 765 648 837 Anna
681 766 883 856 Polyxena,
918 789 938 836 e
972 769 1167 837 comitibus
1201 767 1248 837 de

102 883 271 972 Michna,
296 885 413 953 millia
438 886 590 975 decem,
635 886 861 958 aLudmilla
880 887 1002 957 Kafka
1027 888 1073 956 (le
1092 885 1245 980 britan,

105 1005 297 1078 Francisci
324 1008 472 1076 comitis
495 1007 542 1076 de
554 1009 757 1102 Sternberg
782 1010 954 1103 conjuge,
980 1012 1052 1079 tria
1071 1011 1188 1078 millia
1206 1019 1244 1079 et

104 1134 299 1226 quingenti
334 1134 477 1202 floreni.
531 1133 624 1221 ,His
661 1139 838 1223 accessit,
874 1145 915 1206 ut
941 1146 1070 1206 auctor
1109 1133 1245 1222 dicit,⁶“

99 1255 297 1344 „hortulus
317 1256 478 1345 elegans,
498 1256 600 1325 mille
620 1266 657 1326 et
675 1258 841 1328 ducentis
858 1257 1112 1328 Rhenensibns
1137 1257 1244 1325 aesti-

99 1388 259 1466 „matus,
285 1375 352 1444 sed
378 1374 573 1446 dimidium
598 1379 675 1447 sere
700 1381 861 1472 pretium
898 1380 1070 1448 venditor
1094 1379 1245 1465 remisit,

99 1499 284 1590 ,Centum
320 1524 446 1571 aureos
483 1498 889 1596 sidemlcompsrsndo
930 1501 1062 1573 Comes
1091 1500 1243 1588 Conti,‘,

100 1618 171 1716 (de
210 1625 325 1692 altera
360 1624 458 1693 urbis
492 1618 600 1717 parte
623 1614 862 1697 'defendenda
895 1628 1033 1719 optime
1059 1619 1243 1715 meritus),

97 1726 292 1838 „tribunus
303 1749 483 1835 militaris,
502 1751 708 1822 addiderat.
752 1750 959 1822 Universim
977 1759 1117 1818 tantum
1142 1750 1241 1817 elee-

88 1893 380 1961 ‘„mosynarum,
407 1873 460 1940 ita
485 1883 626 1962 auctor,
659 1874 760 1961 „hoc
787 1897 881 1943 anno
906 1873 946 1944 in
972 1872 1243 1963 egentissimum

99 1991 225 2083 „hanc
253 1992 400 2061 domum
426 1982 640 2087 congestum
666 1997 816 2089 legitur,
852 2005 893 2067 ut
920 1994 1077 2064 difficile
1124 1993 1239 2085 adpa-

88 2122 218 2202 ·„reat3
246 2115 475 2185 narrantibus
503 2118 695 2188 annalibus
720 2118 846 2206 fidem,
884 2142 957 2210 qua
976 2127 1099 2186 tamen
1130 2116 1239 2183 mini·

96 2260 182 2326 „me
202 2237 366 2306 sublesta
387 2238 566 2325 nituntur,
593 2238 774 2309 habere.“
803 2236 872 2330 (H.
896 2235 955 2328 S.)

85 2380 90 2387 ·
142 2424 145 2429 ,
189 2354 422 2447 superhaec
445 2358 568 2427 omnia
588 2369 738 2429 nactum
767 2366 821 2427 est
848 2355 1077 2450 gymnasium
1105 2363 1143 2423 et
1169 2352 1238 2422 du·

86 2498 172 2551 ‘mus
212 2487 400 2570 euergetas
440 2487 477 2547 et
494 2479 752 2571 Maecenates:
797 2478 1036 2551 Franciscum
1070 2477 1240 2545 comitem

93 2596 321 2690 Nadastium,
364 2598 643 2671 Ferdinandum'
677 2612 714 2672 et
741 2601 1034 2674 Maximiliannm
1060 2597 1146 2671 Bar.
1192 2596 1242 2666 de

93 2721 326 2812 Lobkowitz,
355 2732 392 2791 et
409 2713 664 2816 Rudolphum,
697 2723 786 2792 Bar.
808 2723 855 2791 ile
875 2719 1118 2807 Tiefenbach,
1148 2741 1239 2810 quc-

93 2832 174 2916 rum
193 2868 382 2917 numerum
404 2846 625 2914 liberalitate
646 2854 683 2914 et
702 2845 951 2915 munificentia
973 2863 1038 2910 sua
1058 2841 1157 2909 auxit
1181 2870 1239 2889 --

87 3002 89 3007 v
186 2962 301 3038 Anno
327 2968 423 3037 1666.
465 2966 627 3036 Adamus
657 2964 788 3036 Comes
821 2966 867 3034 de
898 2957 1239 3034 Trautmannsdorf.

92 3087 192 3157 lbid.
220 3088 325 3168 Grati
347 3087 458 3167 enimi
477 3107 589 3159 causa
604 3085 819 3159 haecetiam
830 3086 895 3158 bic
922 3079 1238 3156 commemoranda

91 3212 325 3283 ridebantur.
806 3190 837 3217 '⁸
1102 3224 1106 3229 ·

187 3331 301 3406 Arena
312 3333 407 3403 1651.
433 3328 561 3417 Lucia,
589 3332 815 3407 ecomltibus
828 3329 875 3400 de
893 3325 1097 3411 Martinitz,
1114 3319 1236 3391 'Fran-

95 3458 184 3528 cisci
199 3456 379 3527 =0dalrtci
406 3453 661 3544 Iiebsteinsky
693 3456 836 3522 comitis
866 3451 913 3520 'de
934 3448 1123 3515 Kolowrat
1145 3464 1235 3513 cen-

89 3579 170 3673 jux,
182 3580 424 3653 domuitemo
440 3578 478 3646 fl.
507 3574 656 3669 legavit·
682 3568 1091 3677 „Gymnaslaflorentfl
1118 3566 1236 3653 „Pra-

94 3722 192 3791 „gae
211 3702 332 3768 emnia
361 3700 494 3771 laureis
514 3696 676 3800 plena,“
704 3697 756 3769 ait
785 3703 913 3765 auctor
938 3690 1099 3776 ibidem,
1134 3678 1238 3756 baud

86 3794 218 3898 'dubie'
237 3821 285 3891 ad
309 3823 464 3891 collatus
481 3820 637 3893 hencres
663 3818 895 3887 academicos
910 3814 1122 3905 respiciens.

184 3936 299 4014 Anno
319 3942 415 4013 1652.
441 3918 599 4013 Caesare
607 3938 846 4009 Ferdlnando
862 3937 930 4006 Ill.
956 3929 1232 4026 Pragamadvc·

91 4068 235 4155 alente,
256 4064 436 4140 electores
461 4062 609 4160 imperii
631 4061 768 4133 'eodem
788 4061 955 4147 inritati,
1000 4058 1079 4127 fere
1106 4071 1231 4121 omnes
