2662 4456
95 115 141 191 os

96 320 240 413 legibus
261 313 437 402 terendis,
470 312 745 405 prudentissimi
777 313 950 407 Edropae
975 313 1046 385 viri
1068 313 1237 387 admirati
1275 412 1277 417 Ι

102 456 197 518 sunt.
231 439 379 528 Luctui,
405 439 470 530 qui
491 448 623 507 extem
640 441 743 531 gravi
757 439 906 531 jactura
927 441 1079 510 incessit
1097 441 1237 510 Austri·
1275 426 1277 455 ’

98 575 211 639 amet
229 561 441 655 Imperium,
471 560 633 629 solamon
660 560 794 630 adtulit
816 561 1018 631 mecedem
1047 561 1088 631 in
1117 564 1237 655 regnis

190 684 423 769 Franciscus,
431 681 635 772 Imperator
645 691 770 751 noster
781 684 981 774 Augustus,
1001 706 1110 774 quem
1121 705 1239 777 popm

97 810 127 878 li
147 807 229 877 orbi
248 806 398 874 Patrem
419 779 654 894 acceperunt.
687 803 1001 874 Difficillimorum
1019 814 1239 897 temporum,

104 956 200 1025 quae
225 940 325 1000 certe
343 928 446 997 nulla
464 938 571 996 antea
589 937 688 996 aetas
706 928 862 1016 viderat,
882 930 1072 1022 pericuIiS,
1092 952 1162 1022 pro
1180 940 1241 1000 tu-

96 1056 193 1125 enda
229 1053 345 1121 salute
370 1049 524 1141 publica
549 1049 753 1137 obsistens,
797 1052 957 1143 oregali
982 1052 1241 1145 praerogativa

96 1178 328 1272 gravissimas
345 1177 463 1243 solum
482 1176 629 1266 paterni
647 1175 686 1243 in
702 1170 862 1268 populos
881 1198 964 1246 suos
987 1178 1124 1246 amoris'
1136 1197 1241 1245 curas

74 1301 163 1371 ‘sibi
182 1298 355 1388 reliquit,
383 1304 425 1364 ut
442 1296 675 1365 securitatem
692 1298 738 1366 iis
758 1307 977 1391 praestaret,
1009 1308 1047 1368 et
1063 1299 1242 1368 intactam

95 1427 266 1491 servaret.
292 1416 375 1485 Hac
390 1417 494 1510 regia
509 1417 568 1485 via
579 1439 649 1510 pro
661 1418 916 1489 incolumitate
932 1421 1089 1489 omnium
1102 1429 1240 1489 cuncta

96 1567 161 1614 sua
178 1541 276 1611 ultro
293 1538 589 1630 impendentem,
617 1539 737 1631 ipsum
746 1558 920 1636 magnum
937 1542 1041 1636 pacis
1062 1542 1243 1634 publicae

94 1663 380 1733 Instauratorem
408 1659 559 1751 Europa
581 1668 662 1728 tota
699 1672 903 1732 veneratur.

187 1784 544 1877 Quumrelmaximo
557 1786 658 1854 bella
671 1796 858 1887 urgerent,
882 1795 918 1855 et
932 1785 1237 1856 delectusneces-

94 1909 187 1980 sario
203 1899 368 1977 habendi
387 1914 521 1994 essent,
532 1918 688 1999 paterna
703 1904 866 1979 Caesaris
877 1908 1147 1995 benevolentia,
1166 1909 1238 1978 llo-

94 2054 173 2100 rem
180 2030 323 2122 patriae
333 2027 548 2119 juventutis,
564 2052 666 2121 spem
674 2039 880 2121 parentum,
889 2031 1026 2123 pubem
1037 2013 1237 2101 literarium

96 2154 142 2222 ab
163 2151 262 2220 omni
291 2148 477 2245 stipendio
499 2150 653 2219 militari
674 2151 871 2220 immunem
892 2151 1060 2232 fovebat3
1088 2153 1177 2240 quin
1199 2160 1236 2220 et

92 2276 190 2344 inter
218 2294 316 2341 arma
332 2272 414 2363 ipsa
432 2278 469 2340 et
490 2280 608 2339 motus
627 2271 782 2338 bellicos
802 2292 875 2338 non
893 2278 1036 2345 tantum
1053 2274 1234 2361 tranquil·

93 2400 177 2468 litas
196 2396 460 2488 imperturbata
479 2394 608 2462 studiis
626 2394 757 2462 nostris
778 2394 925 2481 mansit,
946 2393 1014 2463 sed
1034 2403 1071 2463 et
1090 2395 1235 2487 sapien-

93 2520 255 2590 tissimae
277 2515 325 2587 ad
343 2539 387 2585 ea
409 2514 612 2586 excolenda
637 2515 740 2607 leges
757 2517 923 2608 perlatae
950 2525 1044 2586 sunt.

191 2634 352 2713 Decreto
378 2665 564 2732 caesareo,
592 2642 643 2712 6ω
663 2639 836 2712 Octobris
861 2642 947 2711 1796
971 2642 1086 2730 edito,
1122 2642 1236 2715 studii

98 2764 290 2835 domestici
306 2766 401 2833 ratio
419 2764 539 2833 denuo
559 2765 715 2851 firmata,
736 2785 780 2834 ac
800 2764 885 2831 dein
903 2763 958 2831 ita
984 2762 1135 2831 delinita
1149 2764 1233 2856 fuit,

94 2897 135 2956 ut
159 2893 329 2978 parentes
355 2885 490 2953 liberos
519 2907 602 2953 suos
621 2885 773 2976 privatis
802 2882 964 2975 quidem,
989 2881 1055 2951 sed
1079 2883 1233 2974 publico

95 3009 304 3079 testimonio
331 3018 367 3078 et
394 3032 573 3079 amorum
599 3011 811 3101 integritate
830 3017 867 3077 et
887 3008 1077 3077 doctrinae
1097 3031 1234 3100 genere

94 3131 259 3225 probatis
281 3131 486 3233 magistris,
513 3130 759 3203 instituendos
778 3132 849 3231 tuti
868 3151 912 3200 ac
933 3130 1053 3202 securi
1079 3131 1248 3205 credere.

94 3264 257 3351 possent.
1130 3272 1134 3277 ·

191 3380 284 3452 Cum
293 3378 412 3475 prima
427 3391 463 3453 et
472 3385 673 3476 praecipua
684 3384 731 3453 sit
741 3384 835 3454 ratio
846 3380 1030 3470 habenda,
1041 3393 1082 3454 ut
1093 3386 1233 3458 animus

90 3500 265 3591 juvenilis
275 3527 360 3573 vero
370 3506 519 3596 pietatis
531 3506 568 3573 in
579 3505 696 3573 Deum
710 3529 814 3574 sensu
823 3506 971 3596 penitus
984 3507 1179 3594 imbuatur,
1193 3510 1234 3577 in

98 3627 1023 3720 eoquefirmetur,paternaCacsarisprovidentiaiu
1034 3633 1232 3722 gymnasiis

97 3747 289 3834 religionis
302 3750 491 3822 docendae
500 3753 924 3846 professores,rtipendio
935 3753 1040 3845 largo
1054 3756 1104 3823 eis
1123 3758 1238 3827 colla-

98 3881 151 3956 to,
164 3868 314 3939 decreto
323 3878 357 3941 3.
366 3875 558 3946 Februarii
567 3880 652 3947 1804
666 3879 865 3947 constituit.
885 3876 977 3948 Mox
988 3879 1123 3948 deinde
1133 3881 1233 3970 libri,

99 3999 276 4083 quantum
293 3989 376 4058 lieri
396 4004 554 4085 poterat,
575 3996 945 4069 accommodatissimi
957 4007 1233 4093 prototogyru-
