2662 4456
1148 125 1193 196 55

52 301 146 393 lipp.
162 295 240 373 1V¹.·
261 296 413 390 publice
431 296 618 367 subierunt
636 297 773 371 alumni
800 297 986 372 facultatis
1007 303 1187 373 oratoriae

47 424 95 491 in
123 419 334 491 academico
360 421 559 512 xgymnasio
586 419 728 512 Pregae
752 419 929 504 Minoris3
972 427 1062 492 item
1089 430 1187 517 typis

49 564 226 636 expressa
255 549 311 610 est
341 541 459 613 versio
488 550 581 610 orat.
626 538 704 610 Cic.
732 540 898 632 Philipp.
925 543 1016 612 Νω
1039 549 1078 614 in
1103 571 1186 640 ger·

54 675 239 740 monicum
266 692 287 736 a
314 667 495 759 discipulo
515 666 740 736 Rhetoricae
761 668 924 759 ejusdam
942 673 1137 762 gymnasii.

151 787 264 863 Anno
289 791 385 858 1774.
435 788 621 874 Societas,
662 797 702 857 ut
723 790 861 879 alioqui
879 800 1008 860 notum
1023 800 1099 878 est,
1127 792 1190 860 ab·

54 921 185 1004 rogata
200 913 279 1003 jam
303 917 394 977 erat.
444 907 579 1000 Negari
599 911 748 1001 nequit,
777 913 1006 1002 gymnasium
1026 922 1193 981 nostrum

56 1039 110 1106 illi
141 1034 328 1128 permulta
359 1033 505 1105 debere.
559 1035 713 1126 ltaque,
762 1060 856 1127 quae
891 1036 1194 1130 praedecessores

50 1163 171 1232 >nostri
199 1183 220 1227 e
248 1158 358 1226 domo
379 1161 546 1250 professa
565 1162 604 1230 in
628 1161 859 1252 juventutem
877 1163 1003 1254 probis
1032 1162 1193 1230 moribus

57 1298 95 1355 et
124 1283 254 1353 literis*
280 1282 518 1351 erudiendam
555 1287 811 1372 contulerunt,
858 1286 1063 1378 gratissimo
1093 1293 1194 1352 certe

58 1408 179 1476 animo
213 1401 413 1472 recolenda
449 1411 543 1472 sunt.
592 1404 693 1474 Nihil
725 1407 897 1497 profecto
926 1407 965 1476 in
990 1406 1097 1475 rebus
1124 1403 1192 1474 lru·

10 1588 12 1595 .
52 1527 170 1597 manis
202 1548 246 1594 ex
264 1523 363 1592 omni
380 1534 486 1613 parte
503 1525 709 1617 perfectum
727 1548 796 1595 nec
816 1526 906 1615 fuit,
933 1545 1002 1595 nec
1027 1544 1190 1615 unquam

10 1618 13 1683 l
57 1649 137 1716 crit.
188 1643 297 1714 Certe
316 1655 435 1714 autem
454 1647 510 1715 illi
530 1651 671 1734 omnia,
700 1670 793 1738 quae
810 1669 880 1739 pro
899 1656 1106 1739 temporum
1132 1668 1192 1714 ra·

52 1771 157 1838 tione
181 1767 319 1858 optima
342 1767 552 1854 censebant,
572 1769 719 1838 naviter
738 1777 775 1837 et
792 1791 812 1836 e
830 1767 906 1836 fide
920 1768 1195 1860 praestiterunt.

49 1928 54 1937 ·
107 1891 112 1912 ’
148 1889 262 1957 Extra
278 1909 421 1955 omnem
436 1909 549 1979 porro
568 1886 852 1958 controversiam
866 1888 1028 1981 positum
1048 1884 1195 1972 est,So·

58 2011 232 2079 cietatcm
256 2009 358 2077 illam
376 2011 577 2100 permultos
598 2009 770 2079 doctrina
791 2018 828 2078 et
853 2010 987 2077 virtute
1005 2016 1215 2098 praestan·

59 2140 115 2199 tes
133 2131 228 2197 viros
251 2130 347 2198 inter
365 2151 447 2197 suos
467 2152 684 2198 numerasse.
709 2130 844 2221 lnipso
861 2127 1070 2196 hocnostro
1088 2149 1193 2219 gym-

60 2252 162 2319 nasio
183 2248 324 2340 aliquot
338 2249 416 2340 jam
432 2250 705 2336 nominavimus,
724 2262 761 2318 et
778 2252 888 2319 trium
909 2248 1030 2318 adhuc
1048 2248 1195 2316 nominc
1302 2279 1303 2282 ¹

59 2392 247 2462 ponemus.
281 2370 475 2437 Praeterea
495 2371 666 2440 excitavit
695 2373 762 2440 illa
789 2380 889 2441 certe
916 2372 1058 2439 acriora
1077 2368 1198 2437 studia

61 2491 245 2573 omnium,
274 2509 315 2558 ae
341 2490 437 2557 inter
466 2489 534 2559 hos
565 2498 602 2558 et
629 2512 823 2582 procerum
851 2501 961 2579 atque
982 2491 1197 2579 Principum

62 2610 114 2680 ad
149 2630 271 2680 curam
295 2609 499 2700 juventutis
534 2609 641 2678 bonis
672 2612 787 2678 literis
825 2607 1049 2677 crudiendae
1083 2610 1197 2677 susci-

63 2729 263 2824 piendam,
301 2737 337 2797 et
362 2730 504 2798 multos
527 2730 663 2818 ubique
695 2730 882 2799 literarum
909 2729 1040 2798 studiis
1070 2736 1196 2820 patro·

60 2875 127 2922 nos
159 2871 202 2920 ac
230 2850 465 2920 Maecenates
503 2851 724 2920 conciliavit.
787 2851 833 2920 ld
855 2850 933 2943 jana
963 2850 1051 2918 inde
1080 2858 1197 2945 patet,

62 2970 163 3063 quod
184 2972 338 3063 praedia
367 2972 443 3063 ejus
470 2973 510 3041 in
537 2973 617 3040 sola
645 2970 847 3059 Bolrcmia,
880 2982 974 3041 teste
996 2970 1198 3039 Francisco

57 3092 166 3162 Pelzl
191 3095 230 3161 in
253 3093 348 3161 Hist.
379 3092 581 3161 Bohemiae
605 3101 694 3163 tom.
724 3094 772 3161 11.
799 3116 886 3187 pag.
905 3094 981 3180 936,
1008 3091 1198 3182 octuagies

59 3216 225 3283 centenis
246 3215 407 3282 millibus
415 3215 637 3283 florenorum
656 3217 808 3306 amplius
822 3218 1009 3285 aestimata
1028 3213 1198 3292 fuerunt3

62 3356 160 3426 quae
196 3357 283 3426 opes
318 3336 374 3403 illi
407 3337 596 3426 potissima
628 3357 672 3404 ex
707 3345 813 3426 parte
851 3335 997 3404 nomine
1025 3334 1200 3403 duntaxat

58 3454 272 3526 scholarum
291 3465 476 3543 venerant,
505 3479 615 3547 quum
636 3457 848 3547 ceteroquin
859 3455 1023 3526 Societas
1042 3456 1123 3546 ipsa
1142 3475 1200 3522 or·

60 3577 208 3647 dinibus
229 3577 522 3647 Mendicantium
544 3588 819 3666 accenseretur,
846 3598 889 3647 ac
910 3575 1089 3668 collegiis,
1119 3574 1145 3644 i.
1169 3598 1200 3645 e.

60 3698 296 3769 scholasticis
328 3702 500 3770 institutis
528 3701 711 3791 exceptis,
748 3701 879 3769 iisdem
903 3697 1199 3769 Mendicantium

56 3823 180 3890 teneri
201 3844 239 3890 se
259 3820 424 3912 lagibus,
451 3821 531 3913 ipsa
551 3824 589 3890 in
608 3820 761 3891 Statutis
780 3823 851 3890 suis
871 3820 1040 3890 fateatur.

47 3960 52 3967 ·
154 3942 345 4034 Abrogata
374 3943 488 4033 igitur
526 3942 712 4012 Societate
750 3950 827 4011 erat
867 3943 1048 4033 gymnasii
1084 3939 1199 4010 nostri

57 4060 299 4134 Praefectus:
325 4064 369 4134 P.
388 4061 548 4132 loannes
570 4063 837 4156 Trutnowsky,
865 4065 928 4154 qui
952 4063 1049 4132 inter
1079 4067 1202 4129 cetera
