2662 4456
1149 124 1193 192 33

52 301 249 392 „steinlus,
267 299 444 391 Princeps
466 305 502 368 et
528 298 681 370 militiae
707 311 897 372 caesareae
922 313 1066 395 rector,
1103 294 1190 379 auc·

56 435 204 510 „torem
237 423 357 513 operis
385 442 463 489 ease
499 444 537 490 se
558 422 655 491 velle
680 421 864 515 professus
899 428 1002 494 cst.=‘⁶

151 592 292 667 Eodem
311 591 419 665 simul
438 613 532 666 anno
550 600 708 670 ecclesia
734 599 780 668 l).
800 596 968 690 Nicolai,
997 592 1193 677 Cardinale

59 729 98 787 et
126 719 443 810 Archiepiscopo‚
481 714 613 787 comite
651 712 697 786 dc
723 713 913 808 Harrach,
951 706 1191 816 adsentiente,

60 845 238 915 Societati
274 843 490 934 praedictae
523 839 660 914 tradita
699 841 788 932 fuit,
825 863 894 916 nec
929 856 1052 918 tamen
1086 849 1193 938 haec,

59 989 168 1054 quam
195 986 291 1033 nunc
320 958 521 1051 cernimus,
549 982 570 1032 a
595 959 783 1036 Societate
812 962 985 1061 deinceps
1015 968 1062 1037 ad
1096 967 1195 1037 hanc

59 1080 369 1177 magnificentiam
401 1079 662 1174 exaedificata,
701 1086 766 1155 sed
794 1085 944 1180 antiqua
969 1083 1049 1177 illa,
1077 1097 1195 1158 struc-

57 1214 142 1275 tura
168 1201 279 1296 longe
317 1200 542 1297 simpliciore
578 1217 613 1275 ct
650 1210 807 1278 arctiore
842 1209 972 1301 spatio.
1026 1207 1197 1282 Ceterum

56 1334 179 1394 totum
206 1325 395 1417 negotium
429 1324 502 1392 hoc
531 1320 577 1394 de
605 1319 713 1395 domo
738 1323 904 1420 professa
931 1338 967 1396 et
992 1333 1196 1419 gymnasio,

57 1454 165 1538 peste
209 1439 467 1536 interpellante
508 1450 544 1513 et
582 1446 676 1515 duce
711 1448 954 1517 Waldstcinio
989 1446 1029 1517 in
1061 1443 1199 1518 bellum

59 1564 247 1638 Danicum
272 1571 455 1660 profecto,
486 1573 653 1664 expediri
680 1595 753 1641 non
778 1583 936 1665 poterat.

153 1705 267 1780 Anno
294 1703 390 1778 1026.
450 1709 533 1780 Dux
559 1712 821 1805 Waldstcinius
846 1709 934 1781 4000
957 1703 996 1778 fl.
1021 1706 1201 1782 Societati

57 1806 109 1901 ad
137 1830 326 1898 emendam
352 1831 491 1921 templo
518 1830 556 1899 S.
573 1830 715 1900 Nicolai
742 1830 897 1899 adsitam
920 1831 1084 1932 domum,
1112 1829 1199 1927 (pa-

58 1954 184 2038 rochi,
212 1974 319 2041 quem
345 1960 489 2037 vocant,
526 1952 592 2019 illa
618 1974 699 2022 oum
726 1953 862 2021 scholis
890 1953 1094 2023 trivialibus
1121 1957 1201 2024 fue-

61 2072 150 2165 rit),
179 2064 438 2164 suppeditavit.
473 2070 609 2140 Actum
637 2073 771 2141 deinde
799 2094 882 2142 cum
909 2083 1037 2142 senatu
1062 2074 1200 2143 Micro-

59 2214 231 2291 prageno
269 2192 316 2260 de
354 2185 616 2262 transferendis
652 2194 790 2262 scholis
826 2187 1043 2262 trivialibus·
1109 2193 1203 2282 „lta

64 2315 310 2406 „vacuefacta
336 2311 446 2380 domo
460 2321 496 2381 et
523 2315 652 2384 schola
670 2313 878 2406 parochiali
899 2324 936 2382 et
954 2315 1118 2399 remotis,
1145 2317 1200 2383 in·

63 2436 222 2529 „primis
250 2433 373 2500 studio
385 2434 570 2524 Principis
580 2435 863 2504 Lichtensteinii
890 2444 927 2501 et
953 2434 1059 2503 Pauli
1078 2432 1200 2503 Comi·

61 2557 144 2647 „tis
171 2555 215 2622 de
240 2552 394 2620 Micbna
405 2551 617 2640 obstaculis,
648 2555 778 2644 quibus
804 2552 898 2621 haec
926 2562 1058 2645 coepta
1083 2575 1205 2621 rerum

60 2676 330 2773 ‚commutatio
340 2672 637 2765 impugnabatur,
666 2672 794 2741 domus
819 2672 985 2764 professa
1011 2694 1123 2764 opere
1147 2680 1206 2743 tu·

63 2799 290 2913 3‚multuario
316 2796 506 2876 instructa,
536 2814 578 2860 ac
607 2793 666 2865 die
691 2798 745 2864 23.
755 2793 969 2863 Decembris
994 2794 1093 2863 illius
1121 2795 1205 2864 anni

62 2942 115 3007 „e
143 2913 304 3008 collegio
332 2893 528 2983 societatis
557 2906 786 2984 Clementiae
813 2938 907 2984 nova
932 2917 971 2985 in
998 2937 1077 2985 eam
1103 2917 1205 2985 colo-

64 3040 157 3133 „nia
183 3040 354 3107 undecim
373 3039 543 3128 capitum
570 3038 731 3123 deducta
755 3039 887 3106 fuerat.
913 3036 1092 3130 Singulis,
1114 3061 1207 3129 quae

64 3159 144 3248 „ad
175 3162 344 3228 vestitum
378 3167 416 3225 et
444 3159 533 3226 lecti
567 3161 746 3227 rationem
771 3161 970 3249 pertinent,
1007 3159 1208 3250 collegium

60 3268 394 3372 ,‚(clementinum)
414 3280 588 3369 providit,
616 3281 683 3346 imo
696 3287 733 3344 et
758 3278 875 3347 victus
904 3276 1068 3347 subsidia
1093 3279 1207 3346 inter·

60 3401 183 3491 „dum
208 3401 594 3495 indepraestabantur,
623 3398 724 3489 quod
751 3399 1002 3486 eleemosynae
1030 3397 1206 3465 difficilli-

60 3543 157 3617 „mo
182 3530 358 3615 tempore,
385 3522 535 3611 insuper
561 3519 605 3587 ab
631 3518 853 3604 hominibus,
881 3518 1077 3587 societatis
1104 3518 1208 3586 insti-

59 3652 212 3733 „tutum
228 3666 335 3736 aegre
349 3643 591 3735 capientibus,
619 3640 773 3743 exiguae
787 3637 1035 3709 adfluebant.“
1062 3633 1131 3731 (H.
1148 3635 1209 3731 S.)

163 3795 278 3871 Anno
296 3804 381 3872 1627
402 3802 532 3871 domus
556 3800 743 3893 professae
769 3798 911 3869 incolae
929 3796 1040 3889 primi
1065 3794 1211 3865 suerunt

63 3920 144 3989 ΡΡ.
172 3920 354 4014 Georgius
378 3945 460 3992 ran
496 3924 562 3991 der
586 3923 713 4007 Boon,
740 3920 875 3990 Paulus
899 3918 1079 4005 (imonis,
1100 3917 1210 3984 Wen·

68 4041 220 4115 ceslaus
256 4041 448 4116 Rauschar
484 4051 521 4113 ct
547 4039 738 4112 Conradus
775 4039 877 4133 Fen,
912 4047 1060 4133 praeter
1093 4037 1209 4106 laicos

717 4159 741 4227 3
776 4186 779 4193 .
