2662 4456
1169 119 1213 186 69

79 342 84 349 -
167 285 283 365 Anu
306 291 425 367 1631..
455 291 568 371 uliud
592 293 757 369 levamen
796 297 987 388 gymnasio
1021 305 1058 370 et
1083 300 1209 375 domui

56 413 262 508 -professae
289 416 446 508 obtigit,
477 415 622 493 collatis
645 417 700 487 bis
725 417 827 487 mille
861 419 1008 491 florenis
1036 423 1205 515 amplius,

73 540 177 632 cujus
202 536 374 607 beneficii
399 538 615 620 conferendi
640 540 815 632 Princeps
841 537 1090 631 Loblrovioia,
1118 553 1206 615 nata

70 659 321 745 Perusteinia‚
358 657 407 727 ad
439 659 661 750 praestanda
687 660 865 729 Societati
892 670 928 731 et
954 661 1093 758 scholis
1119 669 1205 738 sub·

70 782 168 851 sidia
193 802 334 873 semper
359 790 597 870 experrecta,
635 781 770 872 primas
804 793 927 876 partes
955 785 1067 877 cepit.
1116 787 1206 860 Mox

69 901 217 972 bostilis
249 911 370 974 motus
395 903 528 971 timore
561 901 714 972 scholae
739 905 871 976 iterum
895 906 1060 977 relictae.
1107 904 1204 1000 (lbi-

70 1023 191 1118 dem.)

162 1139 278 1215 Almo
301 1142 399 1213 1635.
448 1143 655 1212 Attenuatis
679 1165 748 1234 per.
772 1154 890 1230 motus
915 1147 1071 1218 bellicos
1097 1172 1201 1242 gym-

63 1263 160 1333 nasii
187 1270 224 1331 et
250 1262 378 1330 domus
404 1263 534 1348 rebus,
556 1264 685 1349 ,denno
713 1262 857 1337 collatis
884 1269 1084 1338 amicorum
1109 1273 1202 1342 libe-

44 1383 213 1453 -ralitate
241 1385 435 1475 quinquies
470 1385 573 1451 millo
609 1392 647 1451 et
682 1386 905 1478 octingentis
939 1388 1086 1472 florenis
1120 1411 1202 1462 suc-

63 1507 236 1575 curritur.
823 1572 837 1618 ,

64 1690 67 1695 .
160 1622 383 1712 „Caeterum
420 1625 632 1718 gymnasia,
680 1625 732 1695 ait
777 1637 930 1716 auctor,
958 1631 1033 1699 uti
1077 1629 1203 1719 hostili

60 1750 240 1838 „incursu
267 1755 330 1815 aut
355 1754 456 1819 metu
482 1745 657 1814 dissoluta
682 1754 766 1816 sunt
791 1759 914 1818 nostra
941 1749 1123 1843 collegia,
1163 1755 1203 1823 iu

41 1873 328 1962 -,;solitudinem
355 1879 392 1941 et
428 1872 509 1962 ipsa
544 1870 733 1958 abierunt,
772 1894 841 1944 nec
878 1873 946 1942 nisi
985 1875 1100 1945 multo
1137 1877 1202 1949 de-

58 2020 192 2087 „murn
217 1995 405 2065 molimine
430 1995 572 2066 restitui
597 1997 809 2087 poterautf‘
861 1993 1000 2089 (lhid.)

42 2156 46 2161 ·
89 2144 95 2165 τ
157 2112 273 2187 Anno
296 2117 392 2184 1636.
416 2117 460 2184 Ρ.
485 2117 699 2188 Valentinus
727 2118 934 2206 Corouius,
958 2121 1096 2211 primus
1123 2142 1199 2193 onr-

59 2244 162 2312 nium
189 2240 316 2309 domus
341 2240 528 2332 professae
549 2247 801 2337 praepositus,
829 2246 953 2315 multis
980 2264 1064 2313 cum
1090 2241 1201 2311 laude

58 2365 206 2433 functus
231 2361 397 2449 officiis,
431 2373 555 2432 rector
588 2367 739 2436 tandem
764 2365 1006 2437 universitatis
1043 2373 1200 2450 creatus,

56 2491 291 2577 praemature
317 2491 433 2550 morte
460 2483 763 2555 obit.·-·1nfine
785 2489 869 2557 anni
887 2485 1100 2558 scholastici
1111 2491 1197 2576 post

57 2605 210 2687 solenne
245 2602 372 2672 drama
404 2602 601 2673 Balthasar
627 2626 746 2675 comes
773 2605 820 2676 de
855 2604 1067 2690 Marradas,
1102 2602 1199 2670 mili·

58 2727 136 2795 tiae
169 2748 237 2817 per
262 2724 478 2793 Bohemiam
511 2725 741 2815 praefectus,
777 2726 815 2793 in
851 2724 1041 2816 gymnasio
1074 2731 1199 2793 nostro

59 2845 257 2937 discipulis
300 2849 394 2917 bene
438 2846 576 2915 meritis
616 2847 781 2937 praemia
813 2846 966 2938 largiter
1001 2845 1198 2917 distribuit.

58 2962 200 3060 (lbid.)
417 3028 435 3061 „

32 3126 36 3131 ·
153 3084 270 3161 Auno
294 3089 389 3157 1637.
440 3085 592 3156 Mortuo
626 3081 775 3157 Caesari
799 3084 1037 3158 Ferdinaudo
1063 3085 1112 3155 ll.
1133 3084 1196 3178 ju-

57 3217 116 3279 sta
156 3210 325 3279 funebria
369 3235 391 3279 a
434 3207 607 3277 classibus
648 3207 910 3298 discipulorum
948 3228 993 3278 ex
1030 3208 1197 3278 universa

55 3331 227 3422 Pragena
252 3331 392 3402 triurbe
407 3390 411 3397 .
426 3328 682 3414 celebrantur,
718 3349 873 3417 quorum
899 3349 1030 3418 agmen
1055 3325 1197 3396 nobiles

55 3453 336 3543 adolescentes,
359 3455 412 3523 in
446 3448 711 3541 quinquaginta
735 3449 842 3539 paria
880 3445 1090 3534 distributi,
1128 3443 1196 3516 du-

53 3584 202 3643 xerunt.
239 3616 242 3621 ·
288 3582 294 3613 ’·
734 3632 738 3643 .

62 3740 64 3745 -
154 3695 361 3781 „Stab'aut,
390 3693 441 3763 uit
468 3703 618 3778 auctor,
653 3688 852 3780 lugubres,
887 3683 1059 3757 visendae
1084 3684 1191 3757 molis
1271 3783 1272 3787 Ἰ

49 3824 125 3904 „et
152 3818 299 3886 artificii
323 3815 523 3883 machinae·
541 3835 584 3883 ac
612 3809 853 3902 cenotaphia,
867 3805 1033 3877 eruditis
1052 3808 1189 3876 emble·

46 3939 265 4025 ·„matibus,
309 3938 462 4029 picturis
505 3935 773 4024 luminibusque
814 3929 952 4001 affatim
987 3928 1189 4008 illustrate3

50 4057 287 4149 „addiderat
318 4056 669 4149 studiosajurentus
696 4053 941 4147 epigraphes,
973 4049 1105 4142 elogiis
1135 4048 1191 4115 iu·
