2662 4456
91 250 261 343 palorum
282 263 324 311 ea
340 259 429 310 cura
450 236 555 331 jussu
575 256 747 307 caesareo
767 224 936 327 geritur,
972 224 1087 327 qr'am
1110 230 1146 307 ud

92 368 170 437 timi
197 363 347 455 quidem
372 366 542 453 parentes
569 356 615 425 ‹le
642 358 767 426 liberis
795 357 869 425 suis
904 378 1047 447 gerere
1090 379 1146 452 pos

187 488 270 573 Quo
296 506 382 555 vero
410 483 511 572 leges
537 477 621 563 hae,
650 478 697 546 de
717 477 913 569 juventute
939 480 1073 567 patria
1098 482 1146 549 iu

95 608 191 679 enda
216 609 403 702 perlatae,
431 602 606 671 certiores
638 609 675 666 et
701 600 887 667 uberiores
914 595 1069 671 fructus
1087 584 1146 669 'far

95 732 267 816 decreto,
302 732 356 797 20.
382 723 607 813 Septembris
633 722 719 789 1819
742 718 981 811 perscripto,
1028 742 1146 791 conen

98 864 176 939 est,
204 860 243 920 ut
269 843 536 939 professoribus
570 844 860 934 gymnasiorum,
900 840 1146 937 decennioqrj

95 976 158 1043 bet
191 968 350 1039 muneris
378 965 590 1035 scholastici
618 967 739 1034 elide
764 974 976 1051 transacto,
1016 939 1146 1157 μη]

100 1092 225 1166 salarii
252 1087 571 1183 superadderetur,
609 1095 646 1155 et
682 1087 795 1155 simili
828 1086 973 1154 ratione
1013 1089 1068 1157 ad

95 1236 210 1307 usquo
242 1212 472 1282 decennium.
526 1208 698 1278 Gaudent
718 1207 796 1300 jam
820 1205 894 1274 hac
920 1198 1146 1279 caesariani

96 1337 245 1405 liuentia
271 1332 494 1425 professores
527 1330 564 1397 in
594 1330 792 1421 gymnasiis
821 1326 949 1418 regiae
970 1318 1082 1401 'dotis
1101 1340 1146 1399 οΙ

100 1460 161 1547 qui
190 1454 409 1525 decennium
436 1452 591 1521 muneris
617 1452 687 1519 rite
715 1456 934 1541 exegerunt3
962 1449 1007 1519 in
1034 1452 1146 1521 norbtl

100 1586 172 1645 tsnn
200 1575 391 1665 gymnasio
411 1571 566 1661 singulis
591 1581 628 1639 et
654 1573 819 1639 omnibus
844 1569 886 1638 id
905 1568 1146 1643 beneficius

101 1714 242 1761 crassum
276 1692 367 1775 suit,
412 1708 481 1781 pro
522 1711 594 1778 quo
628 1692 851 1759 immortales
886 1690 1032 1782 gratias
1066 1700 1146 1789 prb!

101 1810 177 1905 ojus
205 1810 426 1899 benignitati
456 1810 643 1881 debemus.

195 1934 233 2003 Si
244 1954 354 2027 porro
368 1934 447 2021 quis
465 1931 659 2002 tricennali
678 1933 838 2002 muneris
853 1933 908 2003 sui
926 1932 1064 2007 labore
1074 1926 1146 2025 riti}

102 2056 260 2142 Γιιιιοῑιικ,
281 2056 523 2125 virilrurultra
538 2077 611 2123 non
622 2054 820 2140 suffecerit,
843 2055 996 2124 remissa
1009 2062 1146 2149 quartat

100 2178 200 2267 punis
219 2180 350 2247 cotsnls
364 2182 571 2248 munoribus
585 2181 769 2269 praefiniti
787 2190 914 2268 parte,
935 2182 1146 2273 emeritotllf

101 2294 164 2363 dlo
184 2316 224 2363 sss
246 2316 324 2365 nuso
345 2318 463 2366 annue
483 2296 669 2383 sinuatum,
689 2295 848 2366 honesto
870 2299 948 2367 otio
966 2290 1085 2375 reddi
1101 2306 1146 2373 lex

93 2414 213 2507 jubet.
241 2416 444 2507 Singularis
465 2438 551 2490 sane
572 2420 835 2505 munificentia,
865 2442 974 2510 quam
990 2414 1146 2496 nobiset

100 2540 168 2607 nisi
206 2542 306 2609 nolas
338 2550 454 2627 osset,
491 2542 718 2628 lucentibus,
760 2541 845 2609 fasti
871 2542 1028 2611 literarii
1064 2546 1146 2617 laets

98 2680 200 2725 rorare
211 2662 416 2749 posteritati
430 2664 627 2752 perforent.
655 2663 873 2753 Intelligunt
884 2663 979 2730 enim
992 2683 1135 2757 ornnes,

100 2798 237 2866 rorum,
278 2784 341 2871 qui
368 2785 462 2851 bene
488 2793 667 2852 merentes
694 2786 883 2855 beneficiis
911 2787 985 2854 suis
1022 2784 1146 2863 cumul

103 2896 210 2963 risuros
240 2919 315 2966 esse
340 2902 440 2987 vult,
468 2903 539 2971 hac
566 2902 648 2993 ipsa
673 2907 815 2974 ratione
842 2905 1028 2975 literarum
1049 2914 1146 2985 simu

101 3026 285 3085 cremento
313 3027 350 3086 et
377 3022 487 3090 saluti
512 3024 685 3114 publicae
703 3035 856 3118 paterne
875 3030 1121 3118 prospexisse.

102 3150 185 3211 sunt
212 3142 332 3212 studia
358 3142 451 3217 haec
478 3159 603 3221 nostra
638 3159 674 3221 et
709 3152 758 3221 ob
783 3153 916 3223 flexum
937 3152 1146 3244 juvenilisi

102 3268 172 3356 tis,
201 3290 295 3359 quae
320 3270 396 3341 illis
423 3273 617 3365 imbuitur,
646 3287 682 3347 et
711 3279 758 3348 ob
784 3298 941 3351 sexenne
967 3299 1094 3347 eorum
1121 3298 1144 3348 c

103 3409 213 3458 nuum
239 3403 403 3487 tempus,
439 3409 475 3468 et
512 3425 531 3471 e
566 3404 723 3473 statione
758 3426 841 3489 sua,
881 3423 991 3492 quum
1022 3388 1146 3473 interd

103 3510 178 3577 sint
204 3515 299 3585 inter
324 3518 506 3590 trivialem
540 3526 805 3615 institutionem
839 3532 876 3591 et
902 3525 1100 3594 severiores
1128 3526 1146 3595 d

102 3630 245 3725 plinas,
273 3650 351 3712 tum
378 3646 425 3714 ob
453 3649 617 3718 laborem
644 3649 855 3717 docentium
882 3670 978 3734 eos„
996 3651 1058 3739 qui
1085 3650 1125 3719 in

106 3752 191 3822 clivi
218 3771 314 3847 sunt,
342 3774 378 3833 et
400 3789 419 3835 e
445 3769 605 3839 ruditate
629 3769 789 3869 ducendi
811 3778 847 3837 et
872 3770 1084 3862 ‘expoliendi
1110 3792 1146 3863 ps

103 3884 294 3972 permagni
316 3868 369 3952 rei
395 3891 506 3979 ipsius
528 3890 657 3964 naturd
682 3896 865 3965 momenti.
916 3894 1008 3965 Inde
1035 3896 1146 3964 etiarn

104 4010 206 4072 creto
231 4006 266 4073 t.
284 4002 510 4097 Septembris
528 4015 615 4089 sato
634 4010 798 4088 Caesaris
825 4018 1068 4089 beneficentia
1092 4036 1146 4085 ms
