2662 4456
89 84 144 161 -ss
560 26 626 119 Ὁ

106 320 110 331 -
169 273 319 344 ⁴Debet·
339 272 396 343 illi
429 269 611 345 Bohemia
644 293 718 342 non
752 275 928 347 sunnonis
961 285 1103 349 tantum
1127 278 1234 352 theo-

57 443 58 446 =
102 394 196 465 disci
222 403 259 463 et
283 393 369 485 styli
389 395 621 466 maturiorem
642 396 781 466 cultum
787 396 891 499 ,sad
907 420 1123 492 progressus
1143 420 1233 494 quo·

91 543 176 612 ,que
209 521 324 589 multo
351 520 628 592 acceleratione
658 523 697 590 in
719 490 832 594 senari
850 521 1088 596 humanitatis
1114 537 1151 597 ct
1178 550 1235 597 sa·

91 645 262 736 pientiae
288 665 393 711 verae
413 643 638 730 excolendo,
665 666 738 712 non
757 666 895 736 paucos
918 658 1112 738 praeterea
1138 651 1235 720 viros

101 763 149 834 ad
175 764 297 832 munia
320 764 470 854 publica
492 766 562 833 rite
580 764 754 834 >obeunda
774 768 966 856 praeclare
986 771 1183 839 institutos.
1271 848 1274 857 ¹

195 883 264 951 His
287 907 356 976 pro
375 886 624 953 benemeritis
644 886 781 954 collato
799 888 833 955 ei
855 898 1007 979 augusta
1019 892 1236 960 munificen-

98 1006 152 1074 tia
181 1003 309 1073 ordine
350 1007 510 1097 equestri
546 1015 583 1075 ot
617 1007 796 1100 dignitato
834 1011 994 1079 caesarei
1033 1013 1232 1082 consiliarii

99 1124 366 1196 condecoratus
395 1136 461 1196 est.

191 1251 250 1319 Ab
276 1250 350 1320 hoc
378 1275 471 1321 anuo
496 1251 655 1321 habetur
685 1252 960 1345 compendiaria
980 1278 1089 1327 manu
1115 1257 1234 1348 scrip-

98 1380 138 1439 ta
169 1374 352 1464 gymnasii
388 1374 506 1443 nostri
529 1372 716 1461 Historia,
753 1384 791 1443 et
817 1378 1030 1447 continuata
1066 1398 1109 1447 ac
1144 1399 1234 1447 oon-

97 1499 279 1567 tinuanda
305 1498 503 1590 diligenter
530 1499 755 1572 adservetur.
805 1498 989 1593 Discipuli
1014 1504 1053 1571 in
1078 1524 1254 1594 gymno-J

93 1621 152 1691 sio
176 1622 263 1706 217,
290 1620 385 1689 inter
412 1644 474 1717 eos
500 1620 643 1688 nobiles
670 1622 723 1689 11.
813 1664 816 1669 -

188 1733 303 1813 Anno
328 1738 423 1811 1778.
475 1741 641 1824 Quatuor
666 1741 925 1829 grammaticae
952 1741 1099 1827 classes,
1127 1749 1167 1808 ut
1192 1743 1234 1810 in

99 1842 244 1947 ceteris,
271 1862 324 1929 lta
356 1862 467 1930 etiam
492 1863 531 1929 in
558 1872 682 1933 nostro
708 1866 897 1962 gymumio
932 1863 981 1935 ad
1013 1874 1087 1933 tres
1123 1887 1237 1934 annos

98 1992 330 2084 contractae..
372 1979 488 2073 (Hist.
508 2005 628 2076 comp,
650 1983 705 2055 M.
725 1981 784 2076 S.)

189 2104 282 2175 Novi
308 2105 416 2192 libri,
454 2117 627 2199 excerpta
654 2129 675 2175 e
702 2105 866 2175 classicis
892 2106 1015 2177 latinis
1041 2106 1233 2174 contineu-

91 2237 150 2307 ‚tes
175 2251 245 2321 pro
271 2226 329 2298 35¹
345 2241 381 2299 et
413 2233 461 2302 p·
485 2255 637 2322 gramm.
664 2232 782 2299 classe
808 2230 948 2298 Vienna
974 2231 1086 2296 missi.

188 2346 280 2418 Jalii
299 2350 358 2416 die
368 2351 415 2415 6¹⁸
425 2350 578 2417 facultas
595 2347 869 2440 philosophica,
890 2358 926 2417 et
945 2368 1068 2440 ornnes
1086 2349 1236 2417 triurbis

98 2478 244 2540 nostras
272 2468 421 2539 scholae
445 2467 679 2538 humaniores
699 2469 930 2539 deduxerunt
950 2469 1058 2540 funus
1079 2466 1236 2558 Joscphi

96 2593 292 2687 Stepling,
318 2592 526 2683 presbyteri
553 2592 799 2663 ecclesiastici
825 2600 863 2660 et
887 2591 1140 2661 humaniorum
1166 2590 1235 2658 eti-

102 2737 162 2783 am
191 2712 376 2803 quondam
408 2713 642 2802 fflrectoris,
678 2714 747 2783 viri
781 2721 821 2782 ut
854 2715 990 2782 ceteris·
1022 2710 1237 2799 virtutibus,

96 2836 163 2905 ita·
197 2841 234 2902 et
273 2832 488 2926 disciplinis
524 2835 793 2905 mathematicis
827 2833 983 2922 inclyti,
1020 2833 1234 2899 comitatum

96 2955 206 3025 stram
223 2928 392 3022 sunum
417 2955 586 3028 ordinum
611 2954 819 3024 clarissima
844 2953 943 3020 vnn.
973 2947 1110 3042 (rma)
1213 2983 1219 2995 ·

171 3073 261 3144 -nio
285 3077 339 3142 9¹²·
351 3074 509 3165 Augusti
529 3075 737 3166 Episcopus
756 3073 1008 3165 Hipponensis
1034 3080 1071 3140 et
1092 3068 1232 3140 Suffra-

28 3208 31 3213 ’
97 3216 238 3291 ganeas
263 3195 480 3288 hagensis,
516 3192 733 3266 Franclrcus
760 3196 851 3264 Xan.
871 3192 1010 3284 Twrdy
1044 3190 1235 3261 benedixit

98 3316 237 3386 sacello
271 3317 475 3407 gymnasii,
513 3339 588 3385 non
618 3318 729 3386 modo
755 3317 929 3401 aruino,
966 3336 1075 3404 quam
1100 3314 1148 3382 ob
1175 3335 1235 3382 su·

97 3447 344 3528 perstructam
377 3437 511 3505 molem
553 3461 576 3507 a
613 3437 750 3509 scholis
784 3433 1006 3505 normalibus
1043 3455 1139 3503 anno
1175 3456 1237 3502 su·

97 3559 246 3649 periore
281 3559 507 3645 minabatur,
551 3561 762 3646 vindicato,
806 3555 872 3628 scd
906 3564 943 3623 et
976 3557 1125 3648 insuper
1156 3575 1237 3623 mu·

100 3677 291 3747 nificentia
312 3681 587 3749 benefactorum
606 3683 829 3773 peculioque
853 3676 1060 3748 scholarum
1087 3678 1236 3767 elegan-

99 3807 157 3874 tsr
188 3810 334 3870 ornato.
370 3838 423 3853 -·
455 3800 595 3877 Exorto
633 3802 680 3870 ob
715 3800 984 3870 successionem
1020 3798 1237 3867 Buraricam

99 3921 256 4003 tumultu
282 3924 440 4010 bellico,
463 3924 546 3992 10¹²·
563 3922 721 4015 Augusti
741 3922 928 4014 juventuti
963 3919 1146 3989 studiosae
1172 3936 1237 3984 co-

100 4041 306 4148 plesseto,
333 4066 372 4114 so
398 4044 447 4116 ad
472 4046 610 4115 tutiora
634 4043 852 4134 recipiendi.
879 4039 1116 4134 (Hiraoym.
1134 4058 1235 4109 com·

106 4161 332 4263 pendimla.)
374 4164 559 4262 Discipuli
582 4164 668 4254 195,
695 4165 781 4236 nob.
806 4166 860 4237 1⁰.

474 4416 542 4430 *-
