2662 4456
105 87 150 157 32

108 267 304 362 „elnotus‚
341 272 474 365 procul
501 294 522 343 a
546 272 698 365 reliquis
727 274 868 347 duabus
904 274 1079 365 urbibus,
1117 289 1242 351 vetere

108 393 280 482 „scilicet
307 400 344 460 et
370 416 464 481 nova
489 397 610 487 Praga
637 397 802 484 distaret,
830 406 867 466 et
893 400 1017 468 usibus
1041 420 1186 470 suorum
1206 412 1243 471 et

107 512 287 601 „scholia
328 534 418 602 quas
445 516 503 586 vel
528 526 604 586 tum
630 516 839 608 frequentes
877 520 1029 607 optabat
1056 528 1092 588 et
1120 544 1242 613 spera-

106 635 211 721 „bat‚
241 634 358 701 minus
380 646 476 706 esset
491 634 695 707 'idoneus.“
731 637 800 724 Ita,
821 660 914 727 quae
940 639 987 705 ad
1005 640 1148 731 Pragae
1167 643 1242 711 Mi-

104 756 203 824 noris
241 755 408 844 areisque
443 761 568 849 regiae
601 759 800 828 utilitatem
844 767 880 825 et
925 761 1125 850 capitulum
1160 784 1237 832 me-

102 876 370 967 tropolitanum
413 887 625 966 exoptarat,
674 889 712 946 et
754 878 930 969 Princeps
977 882 1244 971 sapientissime

100 1000 356 1090 proposuerat,
385 994 525 1081 Canisii
551 999 760 1068 interventu
786 998 891 1066 irrita
916 998 1030 1068 fuere.

108 1141 112 1148 ’
194 1115 252 1184 Α1)
278 1114 352 1186 hoo
378 1117 468 1186 inde
493 1128 659 1210 tempore
693 1119 741 1187 de
776 1120 908 1188 studiis
944 1120 1068 1190 latinis
1093 1121 1239 1215 Pragae

99 1237 257 1307 Minoris
284 1237 421 1306 nullam
447 1262 714 1331 usquequaque
739 1241 963 1311 mentionem
997 1243 1115 1312 literis
1153 1265 1241 1313 con·

101 1365 285 1454 siguetam
311 1362 445 1449 inveni,
473 1364 559 1450 uisi,
573 1364 672 1456 quod
685 1364 912 1451 Schallerus,
940 1366 1110 1458 egregius
1128 1375 1237 1458 topo-

97 1480 277 1576 g'raphiae
302 1482 503 1552 Bohemiae
531 1496 657 1556 auctor
681 1494 707 1553 t.
728 1484 776 1553 11.
806 1488 1043 1555 enarrationis
1072 1486 1118 1553 de
1144 1487 1238 1556 locis

97 1605 241 1695 Pragae
266 1602 508 1674 memorandis
544 1629 583 1697 p.
608 1609 653 1674 70
682 1606 808 1692 refert,
846 1630 941 1675 auno
977 1607 1061 1675 1611
1095 1606 1141 1675 ab
1178 1610 1240 1697 iis,

98 1727 163 1817 qui
200 1724 420 1794 confessioni
457 1734 680 1817 augustanae
724 1726 863 1793 addicti
898 1735 1023 1812 erant,
1058 1729 1238 1818 templum

95 1833 135 1915 S.
157 1843 196 1913 S.
223 1843 400 1911 Trinitati
437 1843 621 1942 dicatum,
676 1843 776 1934 quod
812 1865 909 1913 nunc
945 1844 984 1912 S.
1010 1845 1152 1914 Mariae
1189 1848 1239 1918 de

95 1963 262 2033 Victoria
282 1964 427 2032 nomine
448 1967 560 2052 venit,
589 1963 778 2034 aedificari
803 1973 988 2056 coeptum,
1016 1987 1059 2036 ae
1084 1988 1169 2037 mox
1189 1969 1237 2039 ab

97 2086 143 2154 iis
170 2085 316 2154 scholas
343 2085 498 2174 latinas,
537 2084 749 2173 commode,
785 2096 826 2155 ut
853 2084 1065 2156 Schallerus
1087 2089 1151 2173 ait,
1179 2090 1237 2157 in-

97 2212 240 2279 stitutas
268 2209 409 2279 ibidem
433 2210 559 2302 fuisse,
588 2234 677 2303 quas
695 2220 817 2279 tamen
836 2232 909 2278 non
928 2209 991 2278 diu
1016 2208 1238 2301 perdurasse

94 2340 233 2401 certum
262 2341 328 2400 est.

190 2450 375 2520 Caruisset
402 2451 528 2543 itaque
563 2451 649 2520 urbs
687 2437 812 2520 nostra
836 2452 955 2520 minor
980 2453 1170 2544 gymnasio
1198 2462 1237 2524 et

92 2573 246 2676 publica
270 2574 465 2643 literarum
491 2571 591 2659 sede,
620 2573 691 2641 nisi
716 2571 790 2640 hoo
817 2572 1035 2643 beneficium
1064 2582 1100 2642 et
1126 2598 1234 2644 orna-

92 2704 255 2764 mentum
289 2693 522 2785 provideutia
559 2702 595 2761 et
630 2694 848 2762 auctoritate
882 2691 1116 2784 Imperatoris
1142 2695 1233 2766 Fer·

94 2813 248 2885 dinandi
274 2813 323 2881 ll.
349 2816 405 2883 illi
432 2815 639 2903 obtigisset.
691 2812 821 2902 ltaque
841 2822 968 2880 auctor
986 2813 1034 2883 H.
1056 2815 1094 2883 S.

84 2930 93 2951 ‘
185 2935 246 3004 Au
265 2957 397 3003 anuum
416 2933 604 3003 1625haec
625 2942 772 3001 narrat:
793 2934 974 3017 „Paribus
993 2933 1230 3024 Imperatoris

96 3080 168 3149 „ac
196 3062 413 3151 optimatum
440 3059 642 3128 Bohemiae
680 3056 865 3127 favoribus
903 3081 946 3127 ac
983 3058 1112 3128 studiis
1152 3061 1233 3153 agi-

91 3183 189 3271 „tari
216 3191 387 3274 coeptum
414 3189 469 3249 est
498 3178 544 3247 de
572 3179 694 3264 domo,
724 3202 832 3269 quam
857 3179 1062 3248 Professam
1088 3178 1232 3270 dicunt,

92 3306 217 3392 „intra
237 3306 395 3394 Pragam
420 3302 603 3372 Minorem
631 3300 823 3370 statuenda
849 3309 886 3369 et
913 3300 959 3369 de
979 3302 1169 3392 gymnasio
1197 3303 1232 3373 ei

93 3424 384 3519 „adjungendo,
422 3446 495 3514 quo
532 3423 626 3492 a'rois
653 3423 795 3511 Regiae
832 3429 868 3489 et
892 3419 1047 3490 Minoris
1073 3423 1231 3517 Pragae,

92 3551 279 3630 „maxima
305 3544 501 3612 nobilitate
526 3544 841 3612 refertissimarum
863 3539 1058 3634 juventus,
1093 3545 1229 3614 moles·

93 3667 176 3752 „tia
202 3666 406 3757 longissimi
433 3666 572 3734 itineris
601 3664 648 3733 ad
665 3664 819 3756 Majoris
837 3664 978 3755 Pragae
1000 3663 1232 3737 academiam

94 3785 253 3873 „liberm
279 3796 470 3880 receptum
495 3785 660 3853 haberet.
714 3783 865 3853 Consilii
891 3783 999 3876 hujus
1028 3785 1159 3855 ducem
1184 3808 1239 3863 ac,

94 3913 316 3996 „patronum
342 3930 380 3973 sc
416 3907 495 3974 fore
522 3904 675 3974 Carolus
700 3905 876 3997 Princeps
902 3903 1229 3993 Lichteusteinius,

97 4027 232 4121 „regni
254 4027 479 4122 gubernator
505 4028 628 4098 statim
652 4026 857 4119 pollicitus,
885 4028 977 4097 alter
997 4050 1082 4098 vero
1097 4026 1228 4097 Wald-
