2662 4456
94 157 119 232 Ι

101 345 205 416 cibus
214 338 389 410 Romanis
415 337 594 432 imprimis
621 339 718 409 inid
738 340 972 428 enitentibus,
999 353 1233 427 monumenta

99 501 246 574 quoque
268 476 488 569 scriptorum
504 495 735 544 romanorum
755 477 802 544 ad
820 499 885 544 nos
908 477 1054 567 perlata
1077 489 1172 549 suut.

192 749 255 820 Sic
273 756 403 842 gentes
421 743 798 837 usquequaquerudcs
824 751 859 813 et
876 767 933 814 res
947 748 1120 816 maximas
1140 751 1232 841 ipsis

45 958 49 965 ,
98 883 219 953 adhuc
239 887 396 974 ignotas,
426 889 463 949 et
483 904 576 949 nova
595 880 703 948 simul
723 901 765 948 ac
780 881 976 972 peregriua
991 885 1171 951 vocabula
1191 886 1231 953 in

10 1099 15 1105 ,
95 1020 191 1088 vitae
220 1037 263 1086 ac
289 1015 464 1085 sermonis
495 1016 550 1085 sui
587 1014 846 1085 commercium
871 1016 1077 1096 adsciscere
1106 1015 1142 1108 *)
1189 1027 1228 1087 et

93 1153 244 1244 liuguae
272 1150 485 1241 populares,
522 1151 650 1240 inopes
678 1150 854 1239 alioquin,
882 1151 1054 1219 iniormes
1082 1162 1118 1220 et
1139 1175 1231 1220 sono

93 1284 279 1372 horridae,
292 1284 389 1378 apud
407 1283 581 1375 singulos,
601 1306 670 1375 pro
690 1285 847 1378 cujusvis
859 1285 954 1352 vitae
965 1309 1111 1378 genere,
1132 1287 1231 1379 apud

95 1432 222 1492 coetus
239 1421 456 1513 praesertim
473 1419 740 1489 ecclesiasticos
763 1419 1080 1510 quodammodoin
1099 1416 1228 1490 desue-

93 1557 261 1626 tudinem
281 1557 382 1626 abire
401 1554 614 1643 debuerant,
650 1565 690 1627 ut
715 1555 886 1648 posthac,
915 1557 1065 1648 cognita
1093 1576 1229 1622 sermo-

94 1692 151 1759 nis
172 1701 209 1759 et
226 1692 446 1782 scriptorum
465 1711 680 1781 graecorum
709 1699 745 1758 et
772 1691 970 1758 latinorum
990 1691 1227 1781 praestantia,

96 1825 186 1914 quin
214 1832 250 1893 et
268 1824 343 1916 jum
361 1826 539 1917 paulatim
556 1826 714 1915 penitius
740 1833 949 1916 perspecta,
979 1825 1027 1892 ad
1053 1824 1228 1916 majorem

96 1961 244 2052 copiam
262 1971 300 2030 et
319 1962 613 2046 concinnitatem,
639 1960 750 2027 insito
775 1961 903 2028 animis
923 1959 1107 2045 imitandi,
1135 1981 1230 2048 quae

93 2096 259 2187 placent,
291 2095 427 2181 studio,
452 2095 594 2164 renasci
614 2103 777 2186 possent,
806 2095 906 2184 quod
925 2106 961 2164 et
979 2098 1075 2166 ultra
1089 2115 1231 2162 omnem

49 2236 55 2250 “
94 2252 197 2322 spem
225 2232 392 2322 contigit.
444 2231 522 2317 Ita,
561 2232 650 2299 licet
679 2232 800 2322 parvis
830 2230 878 2298 ad
906 2232 1087 2320 speciem,
1124 2234 1164 2296 ut
1186 2227 1242 2299 iu„

94 2365 260 2435 omuibus
278 2365 356 2434 fere
375 2367 429 2452 fit,
459 2366 594 2452 initiis,
621 2367 683 2438 lux
701 2367 836 2437 laetior
853 2363 1019 2433 humanis
1031 2365 1138 2433 rebus
1159 2360 1224 2430 ob-

94 2509 177 2570 orta
196 2507 264 2570 est.

92 2800 95 2807 ·
188 2771 310 2858 Quare
327 2773 389 2861 qui
418 2775 573 2867 vestigia
597 2774 747 2863 antiqua
771 2771 1037 2841 renascentium
1066 2766 1119 2833 ita
1145 2771 1221 2834 stu-

89 2904 235 2977 diorum
258 2909 441 2998 relegunt,
487 2909 697 2999 neutiquam
725 2931 872 2999 operam
890 2903 981 2971 mihi
1012 2898 1141 2969 ludere
1166 2899 1220 2966 vi-

89 3038 243 3112 dentur:
284 3051 326 3113 ut
357 3043 388 3111 si
417 3043 607 3130 Miladam,
645 3043 748 3112 ducis
775 3043 864 3110 olim
882 3038 1037 3112 Bohemi
1056 3033 1221 3104 Boleslai

105 3279 378 3304 m

133 3391 169 3480 *)
190 3395 305 3460 Velut:
334 3397 465 3477 aetola,
498 3398 630 3474 scribo,
652 3395 835 3480 mag-ister,
854 3393 1051 3478 presbyter,
1082 3400 1221 3463 rectum,

183 3498 314 3580 legisti,
334 3514 468 3578 tectum,
489 3524 598 3566 murras
619 3510 651 3564 ct
669 3503 820 3584 permulta
842 3501 911 3573 siis,
944 3495 1098 3557 vocabulis
1117 3485 1221 3555 teut'o·

181 3604 272 3676 nitito
301 3604 409 3687 hisque
432 3613 518 3670 certe
543 3608 710 3670 senioribus
735 3622 877 3666 consona.
922 3601 998 3661 Cum
1024 3599 1073 3660 his
1104 3598 1219 3674 itaque,

183 3702 356 3771 Teutonum
372 3710 492 3792 linguas
510 3712 629 3791 penitus
649 3710 772 3791 ignotis,
795 3705 918 3766 acideo
946 3722 964 3764 s
990 3703 1081 3763 latius
1107 3697 1220 3769 ductis,

179 3803 280 3886 ipsum
299 3832 422 3895 quoque
447 3834 553 3877 rerum
578 3815 614 3875 ud
639 3813 717 3874 vitae
733 3796 916 3871 humanioris
944 3825 1032 3866 usum
1063 3803 1220 3863 notionem

180 3908 217 3968 ud
243 3911 414 3978 Teutonum
432 3922 550 3996 gentem
567 3918 640 3979 oiim
657 3913 823 3983 transiisse,
852 3929 912 3971 nou
931 3910 990 3969 fide
1008 3923 1139 3985 prorsus
1164 3903 1218 3961 ab·

182 4029 292 4078 sonum
318 4020 416 4082 videri
440 4019 551 4101 possit.
594 4019 640 4080 Du
669 4017 771 4099 lingua
791 4020 891 4074 sutem
909 4011 1064 4080 Italorum,
1086 4006 1220 4068 Franco-

181 4115 348 4197 iffl‘tfflms
368 4122 640 4207 Hispanorumque
654 4138 707 4185 res
731 4118 812 4185 omri
826 4116 919 4181 dubio
936 4118 1030 4179 erret.
