2662 4456
94 108 141 185 tt

104 352 108 361 .
193 282 374 361 Disertius
386 299 473 351 vero
492 281 698 353 studiorum
712 305 858 357 suornm
866 286 1010 383 Pragae
1032 294 1199 365 meminit

149 413 187 483 b.
210 405 524 498 Engelbrechtus,
550 405 673 474 Abbas
701 405 838 476 deinde
856 409 1184 497 Benedictinorum
1201 418 1241 485 in

102 594 107 602 .
197 529 336 620 Styria.
387 526 462 595 Hic
488 526 647 613 enimin
674 531 782 619 epist.
810 528 857 599 de
893 533 1023 605 studiis
1060 545 1097 606 et
1124 539 1240 630 scrip·
1288 526 1292 533 ’

197 651 248 730 tis
277 651 350 720 suis
386 645 485 740 apud
517 648 671 718 Pezium'
694 649 799 719 Torn.
817 650 848 719 I.
876 652 1060 726 Auecdot.
1097 659 1242 751 perspi-

121 804 124 809 ·
205 795 273 845 cue
300 770 440 857 scribit,
469 793 536 856 „se
562 792 657 839 auno
683 772 767 840 1271
788 772 990 845 studiorum
1015 799 1124 847 causa
1152 780 1243 848 Pra-

105 960 110 966 ,
205 917 318 985 „gam
343 892 500 976 venisse,
536 892 665 981 ibique
701 894 768 961 sub
802 896 977 987 magistro
1012 894 1161 967 Oscono
1205 909 1245 967 et

103 1081 109 1089 ,
202 1012 406 1106 „magistro
441 1009 642 1082 Bohumilo
674 1012 714 1081 in
742 1024 862 1083 castro
888 1018 1077 1109 Pragensi,
1114 1022 1243 1112 legen-

199 1136 327 1223 „tibus
368 1136 642 1226 grammaticam
680 1143 716 1201 et
750 1135 912 1227 logicam
946 1139 1150 1229 studuisse,
1206 1151 1247 1211 et

200 1264 372 1348 „tautum
397 1253 614 1346 profecisse,
640 1266 681 1325 ut
706 1259 803 1325 inter
829 1259 948 1327 socios
976 1283 1051 1329 non
1073 1263 1244 1331 minimus

202 1384 483 1471 „reputareturt
510 1378 724 1469 ibidemque
751 1380 861 1447 etiam
887 1381 1032 1450 audisse
1059 1406 1098 1452 se
1126 1384 1242 1451 libros

202 1499 413 1592 „naturales
442 1519 463 1565 a
486 1499 662 1589 magistro
690 1501 854 1591 Georgio
879 1506 1059 1572 canonico
1079 1511 1115 1572 et
1134 1503 1243 1572 scho-

205 1621 389 1712 „lastico,
438 1620 676 1710 postmodum
709 1621 849 1690 ibidem
893 1624 1069 1715 episcopo
1109 1626 1245 1694 electo.

102 1804 106 1811 .
205 1720 329 1831 „Cum
352 1761 440 1808 vero
468 1742 627 1808 concilio
645 1739 885 1832 Lugdunensi
907 1745 1095 1813 celebrato
1119 1768 1243 1814 rumor

120 1888 127 1947 ζ
207 1863 395 1953 „Pragam
420 1861 591 1945 venisset,
617 1860 859 1952 Rudolphum
876 1887 1001 1952 regem
1022 1868 1181 1935 electum
1207 1875 1247 1934 et

204 2006 255 2074 „a
273 1983 454 2051 Pontifice
476 1975 592 2071 (anuo
611 1978 716 2073 1274)
735 1984 987 2053 confirmatum
1013 1988 1140 2075 fuisse,
1168 1997 1242 2056 sta-

201 2105 299 2193 „tim
336 2102 502 2171 omnibus
541 2101 770 2172 scholaribus
806 2128 851 2174 ex
875 2106 1023 2175 Austria
1059 2119 1095 2176 et
1121 2109 1246 2198 Styria

101 2284 107 2293 .
205 2228 376 2317 „Pragae
395 2223 637 2308 studentibus,
652 2244 697 2293 ex
716 2233 814 2293 terra
830 2227 1078 2298 recedendum
1095 2230 1250 2298 fuisse.“

197 2343 373 2416 Profecto
405 2346 478 2413 hoe
505 2345 713 2412 testimonio
750 2344 847 2411 nihil
882 2352 1042 2438 apertius
1082 2358 1118 2418 et
1144 2351 1248 2420 lucu-

109 2465 246 2536 lentius
276 2491 354 2537 esse
380 2472 516 2558 potest,
543 2464 592 2532 ad
618 2486 724 2531 omne
751 2463 905 2535 dubium
939 2467 985 2537 de
1020 2472 1145 2540 latinis
1164 2472 1251 2539 olim

102 2586 148 2657 in
173 2606 256 2656 arce
281 2585 462 2678 Pragensi
490 2584 627 2657 scholis
660 2586 879 2657 tollendum.
930 2588 1039 2660 Patet
1062 2595 1159 2662 enim
1185 2591 1242 2657 in·

113 2706 176 2796 de,
215 2729 289 2777 non
316 2717 457 2778 tantum
492 2717 548 2777 sat
582 2708 739 2800 amplam
774 2709 961 2778 literarum
986 2713 1255 2782 institutionem

107 2829 164 2899 ibi
190 2829 403 2916 obtinuisse,
432 2827 499 2897 sed
531 2830 640 2896 etiam
667 2827 814 2897 scholas
849 2832 938 2900 istas
965 2831 1061 2901 hanc
1097 2831 1249 2901 adsecu-

49 2948 52 2955 ’
107 2958 166 3019 tas
185 2949 298 3021 fuisse
325 2951 588 3034 celebritatem,
626 2956 667 3017 ut
697 2952 813 3019 exteri
840 2973 987 3041 quoque
1022 2976 1066 3023 ex
1090 2953 1252 3041 Austria,

100 3072 249 3165 styria,
272 3083 309 3142 et
330 3073 499 3156 Bavaria,
527 3069 732 3140 studiorum
752 3092 859 3140 causa
884 3075 981 3140 ultro
1007 3094 1051 3141 eo
1071 3094 1252 3142 commea-

108 3202 206 3281 rent,
243 3203 353 3284 atque
378 3192 560 3284 prodiisse
598 3215 642 3260 ex
677 3190 749 3258 hac
787 3190 986 3284 disciplina
1024 3195 1141 3282 viros,
1187 3197 1253 3285 qui

113 3316 260 3408 scriptis
287 3317 399 3385 etiam
423 3315 526 3384 libris
553 3313 764 3382 memoriam
800 3313 854 3385 sui
894 3315 942 3383 ad
966 3324 1134 3408 posteros
1161 3316 1250 3384 reli·

62 3508 66 3514 ,
106 3445 280 3533 ¹querunt.

206 3572 251 3645 V.
275 3573 454 3668 Superest
482 3572 605 3644 adhuc
637 3573 895 3664 gravissimum
931 3582 966 3643 et
994 3574 1093 3644 omni
1119 3595 1252 3667 excep-

116 3695 223 3767 tione
247 3698 364 3790 majus
398 3698 659 3778 testimonium,
696 3698 912 3764 anctoritate
937 3698 1091 3787 publica
1116 3697 1255 3766 Summi

114 3816 305 3888 Pontificis
333 3817 531 3887 Clementis
552 3817 616 3884 Vl.
651 3817 913 3906 confirmatum,
951 3821 1079 3910 quiin
1106 3818 1256 3886 decreto

49 4006 53 4027 ,
123 3960 220 4007 auno
246 3940 331 4008 1347
358 3939 472 4025 edito,
508 3960 581 4028 quo
613 3945 772 4005 erectam
801 3939 942 4031 Progne
969 3939 1254 4021 universitatem,

124 4067 244 4132 ratam
267 4060 420 4150 habuit,
456 4060 568 4131 studii
593 4059 840 4151 particularis,
875 4057 979 4157 quod
995 4056 1089 4148 jorn
1106 4056 1260 4129 dodona

451 4384 530 4407 *-
