2662 4456
115 320 323 414 „Discipuli
346 314 421 390 boc
455 342 551 391 anuo
576 318 739 392 dramata
766 320 918 418 ingenio
943 334 1127 419 marteqne
1142 352 1228 424 pro-

113 447 224 538 „prio
250 446 456 537 composita
480 443 697 513 dederunt.“

205 560 325 638 Anno
355 566 451 634 1672
499 565 731 656 Gymnasium
765 576 929 636 nostrum
962 569 1232 642 academicum

112 688 335 781 adpellatur,
361 685 409 752 de
433 686 584 778 ejusque
602 687 737 755 sobolis
762 687 893 757 dixisse
910 668 1101 780 efficiat,
1137 692 1231 762 nihil

112 811 160 879 ab
186 812 245 895 iis,
272 808 393 899 quoad
404 818 590 917 morumet
606 810 788 878 literarum
811 809 979 898 studium,
1000 815 1230 906 ampliusde·

112 931 265 1001 aiderari
289 931 464 1021 potuisse.
489 926 627 1022 (ibid.)

200 1046 314 1124 Amao
338 1053 433 1119 1673.
481 1049 617 1118 Docuit
633 1049 706 1119 hoo
726 1050 874 1120 circiter
893 1076 998 1141 anno,
1015 1063 1056 1123 ut
1074 1079 1094 1124 e
1111 1053 1230 1125 Fren-

107 1172 196 1244 cisci
210 1171 318 1241 Pelai
333 1171 572 1263 scriptoribus
594 1172 632 1243 S.
652 1171 787 1265 conjici
812 1181 954 1264 potest,
982 1177 1020 1242 in
1041 1179 1228 1268 gymnasio

105 1306 234 1364 nostro
258 1294 531 1387 grammaticam
539 1295 720 1364 Henricue
738 1294 971 1365 wenceslaus
980 1280 1145 1384 Richter,
1172 1321 1230 1367 se·

106 1417 186 1486 uiua
211 1416 442 1486 ctPrefessor
466 1406 631 1509 poetices
656 1416 943 1508 engratiam,
974 1406 1028 1486 ⁴vir
1051 1440 1140 1511 prae
1165 1439 1227 1490 ee·

104 1540 196 1607 tenir
220 1540 393 1606 memoria
419 1538 564 1631 dignus,
601 1546 710 1606 aeut
736 1538 939 1608 existimare
964 1540 1018 1608 sae
1050 1551 1116 1628 ert,
1151 1542 1226 1610 rin-

103 1661 225 1754 gulari
249 1660 481 1730 humanitatis
508 1682 614 1727 sensu
632 1659 820 1749 praeditus
841 1671 878 1728 et
896 1659 1040 1752 judicio
1064 1664 1226 1755 pollens,

197 1785 356 1875 Scripsit
379 1786 487 1884 varia
499 1784 698 1877 argumenti
719 1783 818 1868 talis,
868 1784 967 1873 quod
994 1807 1226 1876 nequaquam

99 1904 271 1975 infestum
297 1906 376 1974 aliis
403 1906 570 1992 animum,
598 1904 665 1974 sed
688 1903 889 1972 studiosum
914 1901 1034 1975 rernm
1059 1919 1225 1979 naturam

100 2038 139 2097 et
162 2051 282 2097 mores
306 2027 493 2097 bominum
519 2025 779 2120 cognoscendi,
806 2026 969 2117 aliosque
993 2030 1047 2099 ito
1067 2028 1224 2099 edocen-

100 2150 140 2220 di
166 2162 351 2220 auctorem
374 2150 526 2219 indicat.
551 2148 590 2243 *)
639 2149 771 2219 Missus
797 2150 836 2217 in
862 2150 1084 2237 Amerinam,
1127 2151 1224 2220 inter

96 2271 207 2342 audes
235 2272 283 2340 ad
305 2273 440 2341 ilumen
464 2273 716 2341 Maranionem
739 2281 866 2361 gentes
889 2271 1224 2343 mansuefaciendus

98 2404 136 2463 et
153 2392 371 2462 erudiendae
397 2415 509 2461 annos
536 2391 732 2461 duodecim
759 2390 826 2482 (ab
853 2414 946 2460 anno
962 2394 1049 2463 1084
1060 2392 1106 2461 ad
1117 2390 1224 2486 1696)

96 2515 288 2585 incolumia
314 2526 352 2584 et
377 2517 480 2608 genti
506 2514 563 2583 illi
589 2536 693 2584 carna
719 2514 910 2605 transegit,
938 2513 1039 2604 quod
1063 2516 1131 2584 nisi
1150 2514 1223 2583 eiu-

94 2645 216 2736 gulari
242 2643 469 2712 humanitate
504 2651 541 2710 et
571 2641 827 2710 benevolentia
862 2642 901 2708 in
926 2661 1047 2708 omnen
1082 2637 1221 2726 fatiscet,

93 2766 174 2832 fieri
199 2787 384 2855 uunquam
407 2772 592 2856 potuerat.
635 2759 787 2831 Occidit
808 2762 873 2830 ille
900 2760 1045 2851 quidem
1071 2760 1121 2829 ibi
1140 2768 1221 2829 tun·

93 2887 189 2973 dem,
218 2889 307 2977 quin
332 2900 454 2957 tamen
464 2888 756 2957 ulloinconsnlto
782 2884 891 2954 animi
910 2886 1050 2954 fervore
1068 2883 1222 2953 caedem

91 3032 193 3110 cuam
217 3026 466 3103 provocasset,
503 3013 569 3083 sed
595 3037 615 3084 e
647 3023 727 3083 tota
751 3011 829 3082 fera
853 3021 961 3104 gente
994 3011 1098 3079 nnius
1124 3007 1220 3078 dun·

89 3139 214 3217 taxat,
261 3158 369 3223 quem
399 3161 420 3204 a
435 3135 593 3227 pueritia
615 3135 843 3227 perbenigne
869 3132 1047 3202 educebat
1071 3137 1107 3198 et
1135 3153 1218 3200 eru·

90 3248 230 3337 dierat,
259 3259 349 3344 quin
375 3266 412 3326 et
437 3260 477 3327 in
501 3281 635 3328 nomen
660 3279 764 3328 auum
789 3255 1043 3349 adoptaverat,
1079 3252 1220 3322 »celero

85 3487 374 3524 Μ

124 3614 166 3699 ')
188 3627 310 3709 Scripta
334 3636 582 3723 reliqnitslqnina,
602 3645 633 3706 in
653 3618 765 3724 quibus
785 3648 846 3711 iter
861 3666 948 3710 auum
968 3663 1007 3707 οἱ
1023 3637 1218 3723 ffl‘l'inim

168 3722 351 3807 Amerinam,
372 3745 436 3794 tum
453 3742 544 3803 eitum
565 3752 597 3803 et
615 3767 716 3810 mores
736 3752 926 3814 diversorum
943 3747 1099 3812 Americae
1117 3762 1219 3825 P⁰P⁰‘

167 3815 279 3899 lorum,
298 3837 595 3903 geometriciaeimni
615 3850 876 3916 observationibus
892 3852 1025 3930 insertio,
1043 3849 1218 3927 descripsit,

166 3912 316 3979 lnduatrta
343 3944 415 3989 rene
442 3934 472 3991 tn
492 3952 580 3998 omne
603 3953 722 4026 tempor
741 3953 823 4020 uon.
866 3955 939 4020 vit.
958 3951 1111 4017 fraenet
1129 3948 1219 4013 ΡΘΙΙΙ

166 4012 338 4093 scriptore·
356 4036 375 4081 o
390 4025 425 4085 8.
440 4029 584 4101 bohema.
