2662 4456
625 1074 673 1197 Ι.

86 1310 283 1396 Scholae
311 1307 473 1419 latinae
504 1301 712 1422 (studium
740 1302 1024 1423 particulare)
1054 1309 1223 1433 Pragae

204 1457 393 1553 Minoris
425 1473 521 1554 ante
552 1473 740 1549 erectam
768 1457 1118 1552 Universitatem.

524 1652 811 1679 m

98 1843 195 1974 Ad
211 1893 417 1966 asserendas
436 1894 578 1986 Pragae
597 1891 735 1963 Minori
753 1892 898 1966 scholas
918 1897 1062 1988 latinas,
1089 1904 1126 1968 et
1144 1902 1226 1993 qui·

99 2020 188 2087 dem
207 2020 247 2087 in
266 2037 346 2086 arce
366 2017 540 2107 Pragensi
560 2015 610 2084 ad
626 2014 701 2084 divi
716 2014 792 2084 viri
808 2018 1015 2108 eeclesiam,
1052 2028 1228 2111 tanquam

98 2139 258 2209 omnium
275 2139 314 2207 in
332 2136 509 2206 Bohemia
536 2137 821 2228 antiquissimas,
858 2149 896 2207 et
925 2141 990 2209 diu
1020 2149 1103 2209 ante
1126 2162 1228 2211 erec·-

96 2270 173 2330 1am
189 2258 458 2329 universitatem
478 2258 659 2326 institutas
688 2257 760 2326 duo
781 2268 885 2328 crunt
905 2259 1125 2331 efficienda:
1150 2265 1227 2354 pri·

99 2406 198 2454 mum
219 2379 419 2450 adferenda
438 2386 543 2449 erunt
562 2380 768 2448 testimonia
788 2388 940 2468 vetusta,
966 2385 1086 2453 verbis
1116 2383 1228 2452 discr-

99 2505 150 2572 tis
168 2509 357 2593 concepta,
376 2498 542 2589 adeoque
569 2500 741 2582 indubia3
767 2510 846 2570 tum
865 2503 1069 2572 refellenda
1100 2505 1232 2592 omnia,

100 2646 198 2714 quae
218 2623 264 2692 de
286 2622 365 2690 aliis
384 2619 560 2711 ejusmodi
579 2618 678 2709 apud
699 2643 763 2688 nos
791 2620 948 2709 scholis,
985 2622 1087 2689 velut
1114 2631 1232 2693 vetus*

94 2745 201 2814 tiaris
223 2752 283 2812 aut
303 2742 431 2811 saltem
454 2738 616 2832 ejusdem
640 2741 766 2808 aetatis
783 2739 925 2831 jactata
946 2740 1104 2811 fuerunt.

194 2863 277 2932 Jam
294 2861 395 2953 quod
414 2860 572 2953 primam
591 2860 733 2947 attinet,
759 2858 934 2930 habemus
963 2864 1009 2932 de
1031 2863 1166 2934 scholis
1193 2866 1233 2936 in

101 3005 187 3054 arce
205 2984 381 3075 Pragenri
399 2991 509 3051 testes
533 2979 750 3051 domesticos
779 2990 815 3050 et
836 2992 1036 3075 extraneos,
1073 2989 1170 3056 inter
1186 2987 1233 3055 il-

99 3106 158 3176 les
181 3104 329 3196 quidem

134 3270 139 3285 ,-
195 3225 227 3296 Ι.
254 3223 432 3311 cosmam,
461 3223 639 3293 decanum
663 3222 776 3292 adl).
801 3223 890 3310 viti,
918 3226 1050 3295 saeculi
1081 3225 1234 3295 undeci-

100 3347 155 3414 mi
175 3347 391 3440 scriptorem
417 3344 685 3423 chronicorum.
737 3343 811 3413 Hic
842 3345 890 3413 ad
917 3369 1049 3417 annum
1077 3347 1162 3413 1⁰68
1187 3345 1236 3415 de

100 3467 248 3554 Marco,
274 3467 484 3561 praeposite
501 3466 677 3558 Pragensi
695 3487 895 3535 sermonem
910 3465 1066 3535 inferens
1086 3464 1199 3534 dicit:

156 3609 188 3656 a.
214 3586 367 3675 „Fuisse
382 3589 513 3657 eumin
532 3589 695 3658 omnibus
707 3589 840 3659 artibus
859 3587 966 3655 valde
979 3587 1112 3653 bonum
1130 3585 1239 3658 schc-

207 3708 417 3796 „larrium
446 3715 482 3775 et
491 3710 673 3794 meruisse,
703 3711 765 3799 qui
777 3719 811 3777 et
830 3709 878 3778 sit
896 3717 932 3774 et
944 3706 1087 3776 dicatur
1107 3708 1239 3780 multo·

210 3851 318 3915 „rum
334 3830 589 3919 magistrorum
608 3828 854 3899 didascalusf‘

201 3944 254 4019 Ut
272 3960 509 4039 praeteream,
536 3948 838 4018 scholasticorum
853 3949 1009 4037 nomine,
1030 3952 1148 4041 elege
1170 3946 1240 4016 Ga·

99 4070 178 4140 reli
187 4069 318 4163 Magni
334 4078 371 4138 et
390 4090 490 4139 more
508 4072 642 4160 ubique
657 4078 821 4162 recepto,
843 4080 1054 4143 certantum
1064 4067 1238 4160 intelligi,
