2662 4456
108 118 153 204 lo

108 318 172 411 qui
200 313 247 384 ad
265 298 692 409 ecclesiasoollegiatas,
720 313 948 388 cathedrales
971 325 1033 387 aut
1052 327 1236 413 metropo-

105 439 235 508 litanas
254 435 398 506 scholas
417 436 585 507 docendo
605 438 665 507 vel
678 423 906 530 invigilando
926 440 1090 527 obibant,
1119 465 1139 511 e
1158 466 1238 512 vcr-

16 556 22 563 ”
106 559 162 628 bis
181 555 331 628 Cosmae
350 566 465 650 patet,
494 558 678 651 exemplar
707 560 897 650 quoddam
926 560 966 627 in
987 560 1118 630 Marco
1139 572 1239 631 cete-

105 675 155 751 ris
174 679 356 771 magistris
375 680 420 747 ab
441 679 508 747 illo
524 681 696 774 proponi,
723 681 882 770 istosque
903 702 977 748 non
997 683 1151 752 obscure
1180 707 1238 754 re-

104 797 299 895 prehendi.
351 800 424 885 Qui
452 810 573 870 autem
589 802 668 889 illi,
703 812 851 893 praeter
877 800 1025 870 scholae
1046 805 1241 894 Pragensis

103 927 307 1015 magistros,
332 921 474 1010 hosque
492 943 566 989 uon
584 941 735 1015 paucos,
762 923 910 1010 fuerint,
934 933 1038 992 certe
1061 946 1238 995 nemone

105 1041 306 1138 cogitando
335 1041 485 1133 quidem
512 1041 745 1132 adsequetur.

197 1161 314 1233 Porro
336 1171 418 1231 utut
444 1159 591 1230 Cosmus
618 1185 692 1231 uon
713 1186 842 1255 parcus
879 1171 932 1232 ost
960 1165 1000 1233 in
1018 1163 1146 1234 Marco
1173 1187 1240 1234 suo

102 1285 305 1369 laudando,
331 1284 453 1354 omnia
474 1283 552 1354 fere
571 1284 749 1353 ecclesiae
768 1284 817 1353 D.
841 1271 932 1353 viti'
946 1295 1158 1355 ornamenta
1184 1287 1241 1355 illi

101 1409 172 1479 soli
194 1415 346 1498 accepta
365 1404 538 1494 referens,
565 1406 732 1497 nuspiam
757 1414 879 1474 tamen
900 1407 936 1473 ei
954 1408 1110 1498 primam
1129 1406 1238 1476 scho-

101 1531 162 1598 lae
182 1525 289 1622 hujus
310 1526 575 1595 institutionem
593 1527 735 1613 tribuit,
763 1524 865 1619 quod
882 1527 960 1615 ille,
997 1528 1027 1596 si
1046 1551 1101 1596 res
1120 1529 1172 1595 ita
1199 1551 1239 1597 se

101 1650 300 1734 habuisset,
327 1635 496 1738 profecto
519 1669 593 1714 non
609 1649 922 1742 praetermisisset.

194 1770 324 1858 Itaque
341 1767 460 1834 fuerat
480 1765 609 1834 schola
627 1767 667 1833 in
691 1767 962 1856 arcePragensi
977 1766 1056 1860 jam
1068 1777 1151 1837 ante
1170 1791 1235 1838 an-

96 1898 188 1960 num
205 1889 304 1973 1068,
325 1896 367 1954 ac
386 1887 537 1978 quidem
555 1885 715 1978 longiori
734 1895 819 1954 aute
839 1895 1027 1980 tempore,
1065 1889 1107 1959 id
1135 1891 1239 1980 quod

98 2014 213 2101 etiam
229 2007 317 2078 iudo
338 2009 453 2100 magis
473 2015 590 2102 patet,
619 2007 722 2099 quod
744 2004 891 2078 Cosmas
922 2031 1024 2096 eam,
1060 2013 1129 2080 nisi
1155 2011 1235 2103 jam

97 2133 236 2203 diutius
257 2131 454 2217 extitisset,
497 2128 600 2199 haud
633 2130 681 2197 ad
715 2153 876 2200 severam
915 2131 1009 2198 adeo
1046 2152 1236 2202 censuram

94 2260 285 2334 uocasset3
319 2253 536 2344 plerumque
562 2252 658 2319 enim
683 2253 802 2341 prima
817 2274 939 2320 rerum
963 2250 1083 2339 initia,
1105 2277 1232 2344 quam-

94 2377 151 2445 ·vis
184 2373 302 2440 minus
339 2390 515 2469 prospera
551 2380 587 2440 et
612 2372 774 2460 radiosa,
800 2372 997 2464 patientius
1030 2373 1190 2443 ferimus.

148 2497 184 2566 h.
220 2494 389 2562 Alterum
422 2491 588 2586 ejusdem
623 2494 874 2564 testimonium
910 2502 965 2562 est
1009 2494 1057 2562 ad
1101 2516 1234 2563 annum

187 2615 294 2701 tota,
321 2614 410 2690 dum
427 2637 523 2702 „nec
553 2617 727 2703 tacere‚“
754 2616 806 2685 ait
843 2614 1006 2707 ‚‚cupio‚
1044 2614 1145 2704 quod
1172 2635 1234 2682 eo·

196 2737 311 2825 „dem
337 2756 432 2825 anuo
459 2737 576 2825 nobis,
605 2739 727 2808 adhuc
749 2737 878 2831 positis
904 2738 943 2804 in
968 2733 1117 2820 scholis,
1144 2755 1233 2803 con-

195 2856 310 2946 „tigit
336 2855 462 2924 audire
495 2867 532 2926 et
558 2860 704 2945 videre,
741 2858 828 2927 dum
852 2855 1086 2946 psalmiculos
1118 2856 1232 2924 sumi·-

196 2999 374 3064 ‚,narem,
420 2985 517 3046 stans
556 2979 596 3047 ln
630 2980 766 3071 crypta¹
796 2986 1002 3046 sanctorum
1034 2983 1233 3067 martyrum

203 3094 387 3185 „Cosmae
414 3105 450 3164 et
483 3098 651 3170 Damiani
678 3099 786 3169 etc.“
819 3098 952 3181 idest,
977 3097 1017 3165 in
1034 3118 1118 3165 arce
1143 3097 1233 3167 Pra-

192 3217 311 3308 gensi.
359 3217 450 3285 Erat
480 3219 606 3310 itaque
648 3218 794 3289 Cosmas
820 3219 883 3289 hic
908 3221 949 3288 in
974 3217 1125 3303 scholis,
1162 3239 1232 3287 nec

198 3339 324 3423 refert,
358 3347 479 3409 utrum
515 3340 712 3431 discentis,
741 3341 842 3432 quod
865 3340 1017 3435 propius
1042 3359 1150 3425 vero,
1186 3363 1233 3409 an

196 3459 361 3529 docentis
383 3461 476 3530 vice.

187 3581 237 3651 11.
263 3581 507 3651 'continuator
534 3581 687 3654 cosmae
713 3585 872 3677 primus,
917 3603 1115 3670 anonymus
1148 3581 1231 3670 qui·

94 3700 200 3788 dem,
233 3689 367 3796 procul
402 3703 514 3774 dubio
547 3713 670 3774 tamen
704 3727 724 3773 e
759 3704 946 3773 canonicis
972 3703 1228 3795 Pragensibus‚

94 3825 142 3892 ad
168 3847 299 3894 annum
324 3827 411 3897 1218
435 3825 529 3896 haec
553 3826 688 3896 habet:
716 3827 914 3914 „Studium
934 3826 1075 3916 Pragae
1092 3821 1231 3921 perit.“

92 3944 196 4015 Haec
222 3943 391 4016 chronici
415 3947 526 4018 verba
550 3956 692 4016 tantum
717 3949 831 4036 abest,
867 3957 909 4018 ut
935 3946 1135 4017 sententiae
1161 3962 1227 4008 no-

92 4077 190 4141 strae
203 4078 438 4165 repugnent·
457 4079 500 4142 ut
515 4091 595 4141 eam
610 4071 731 4164 potior
757 4071 980 4144 luculentior
999 4067 1225 4138 confirment.
