2662 4456
1180 96 1225 169 41

137 280 143 287 ’
190 272 307 354 Anno
329 272 426 352 1646.
459 277 516 350 De
541 272 615 350 hoc
644 284 770 350 auctor
803 267 853 347 Η.
873 236 936 348 6.·
977 266 1230 372 „gymnasium

82 405 283 492 -„mitioris
302 402 465 471 Palladis
494 396 617 473 domui
644 404 830 496 professae
860 400 1038 471 adnexum
1067 394 1229 497 comple-

96 536 203 612 „tum
226 533 279 592 est
297 524 370 591 hoc
392 547 485 592 anuo
513 525 641 593 addita
657 521 900 592 Rhetorica.“

78 684 83 689 ·
135 650 138 655 '
193 647 258 713 Est
285 645 414 734 itaque
446 668 556 713 annus
590 647 658 713 iste
693 644 881 712 constituti
908 638 1012 734 'justo
1045 638 1093 714 ao¹
1121 647 1233 739 pleno

100 767 269 835 classium
287 789 436 835 numero
457 767 635 857 gymnasii
661 767 776 834 nostri
801 766 950 856 primus.
1044 788 1050 807 ··
1129 743 1132 748 ’

81 918 101 951 .·
192 881 306 957 Anno
330 889 427 957 1616.
452 887 497 956 Vi
523 888 664 956 decreti
692 885 853 978 ejusdem
880 887 963 955 anni
984 886 1235 979 'domootp'ro-

99 1005 196 1075 fessa
221 1030 244 1075 a
268 1007 466 1096 pendendo
492 1029 560 1100 pro
586 1007 683 1095 vino,
710 1009 885 1078 cerevisia
910 1019 948 1078 et
962 1008 1131 1078 carnibus
1151 999 1236 1081 v‘ec·

79 1127 208 1216 sigali
230 1129 409 1199 eximitur.
787 1190 792 1200 .
862 1138 867 1147 '
1029 1136 1034 1146 '
1201 1194 1205 1203 .

193 1241 307 1316 Anno
333 1249 427 1315 1647.
460 1247 570 1318 Libet
594 1270 715 1317 rursus
751 1249 800 1319 ad
832 1250 932 1319 hunc
969 1260 1124 1339 annum,
1162 1273 1236 1342 quo

77 1364 227 1447 ‚adhuc
253 1367 339 1439 hinc
365 1376 402 1436 et
428 1368 532 1439 illine
559 1389 657 1436 arma
674 1367 765 1437 belli
784 1371 997 1467 tricennalis
1016 1372 1236 1459 saeviebant,

80 1488 246 1579 ⁸adferre
271 1490 382 1557 verba
406 1491 486 1580 ipsa
512 1488 744 1557 auctorisfl.
769 1489 830 1559 S.:
865 1489 927 1573 „A
954 1492 1149 1578 succiduis,
1171 1493 1236 1561 sub

103 1612 259 1696 „mortis
278 1610 374 1679 falce
396 1612 640 1681 arescentibus
660 1610 845 1699 stirpibus,
875 1609 921 1679 de
944 1612 1074 1699 quibus
1092 1621 1147 1681 sat
1174 1614 1239 1686 diu

85 1730 321 1818 .„hactenus,
358 1739 504 1822 oportet
541 1730 589 1797 ad
623 1752 773 1797 amoene
809 1728 1042 1801 florescentes
1068 1720 1239 1824 jurentu-

102 1853 179 1938 „tis
197 1852 336 1920 areolas
355 1851 540 1927 secedere.
566 1850 638 1919 ...Et
657 1849 817 1931 ¹vereilos
838 1851 904 1919 ille
929 1852 1127 1941 tamuber,
1147 1863 1240 1931 tam,-

104 1996 207 2061 „que
230 1980 266 2039 et
283 1995 432 2041 numero
453 1982 491 2043 et
509 1973 701 2041 nobilitate
728 1971 897 2061 copiosus
917 1973 1000 2059 fuit,
1034 1983 1074 2049 ut
1093 1976 1240 2053 annales

103 2094 345 2182 „provinciae
376 2095 571 2163 Societatis
597 2092 643 2162 Β.
671 2092 888 2182 perlegens,
937 2095 1241 2185 obstupescerem,

103 2216 294 2304 „potuisse
323 2215 360 2280 iu
390 2237 432 2282 ea
453 2216 609 2301 borealis
640 2214 770 2283 Martis
795 2221 1011 2302 tempestate
1039 2235 1081 2282 ac
1110 2217 1244 2307 pruina
1326 2240 1329 2249 ·

105 2337 290 2421 „existere
309 2314 473 2423 tantum,
510 2344 685 2424 quantum
703 2358 748 2403 uc
770 2334 902 2404 nostris
924 2334 1072 2423 quidem
1100 2345 1243 2429 tempo-

107 2456 248 2541 „ribus,
278 2456 408 2545 quibus
425 2465 539 2523 terras
565 2466 703 2543 nostras
729 2455 955 2545 pacatissimi
982 2457 1153 2524 fovebant
1182 2479 1242 2524 ze-

108 2573 264 2665 „physe
299 2577 567 2667 conspeximus,
586 2598 694 2663 quem
718 2598 905 2644 numerum
929 2576 1107 2665 pleraque
1124 2576 1243 2645 taten-

111 2707 200 2783 „tur
209 2697 397 2788 gymnasia
409 2696 478 2765 sibi
496 2706 642 2787 praeter
661 2718 763 2787 spem
784 2703 821 2762 et
842 2695 1090 2786 opinationem
1109 2697 1244 2765 evenia-

111 2840 194 2904 „se
242 2818 423 2910 Exemplo
453 2819 497 2887 sit
517 2840 627 2899 unum
655 2818 797 2908 Pragae
817 2816 973 2899 Minoris
993 2817 1242 2906 Gymnasium,

111 2940 204 3026 „ubi
229 2952 375 3030 praeter
405 2944 449 3021 76
480 2941 701 3031 praecipuae
720 2939 939 3025 ¹nobilitatis
978 2937 1243 3030 adolescentes,

112 3062 581 3151 „censebanturccmitum
610 3059 759 3152 Imperii
787 3062 856 3131 filii
884 3062 1030 3137 omnino
1052 3062 1106 3151 to,
1134 3081 1242 3150 prae·

112 3191 197 3267 „ter
216 3182 445 3274 plebejorum
464 3181 617 3251 chorum
642 3183 910 3251 numerosum.“
929 3217 981 3232 -
1017 3178 1245 3269 „Etdsabuit

89 3300 214 3388 .„hoc
244 3304 404 3374 studium
439 3324 511 3371 non
538 3301 648 3371 modo
686 3303 894 3381 laudatores
919 3302 1109 3393 plurimos,
1145 3302 1243 3389 ipsos

87 3423 237 3510 <„adeo
263 3426 414 3508 Succos,
453 3424 518 3511 ¹sed
551 3424 660 3495 etiam
682 3423 955 3507 Maecenates,
975 3422 1129 3489 rnaxime
1147 3419 1244 3501 duur

111 3569 256 3632 „annus
279 3546 520 3635 scholasticus
531 3542 733 3633 celebriore
759 3542 919 3635 dramate
943 3563 1012 3634 pro
1031 3542 1243 3612 mareolam

109 3667 327 3754 „deretur.“
356 3663 493 3758 (latu.)
592 3698 618 3725 ·«
716 3720 719 3727 .

205 3785 319 3860 Anno
343 3789 439 3857 1618.
478 3787 598 3855 Multo
624 3785 750 3855 domus
790 3792 826 3853 et
860 3781 1066 3852 scholarum
1106 3783 1244 3861 incom-

110 3910 236 3996 moda,
265 3920 373 4001 capta
400 3909 627 3977 clandestino
663 3907 802 3997 impetu
827 3906 892 3975 sub
926 3907 1036 3977 finem
1062 3905 1153 3975 belli
1179 3905 1243 3969 tri-

113 4033 299 4120 cennalis,
328 4031 423 4099 duce
449 4032 581 4100 comite
600 4029 647 4099 de
674 4026 918 4123 Kduigsmark
942 4027 1064 4121 Praga
1082 4024 1218 4118 Minori
1230 4047 1242 4125 ᾗ
