<?xml version="1.0" encoding="UTF-8"?>
<!DOCTYPE html PUBLIC "-//W3C//DTD XHTML 1.0 Transitional//EN"
    "http://www.w3.org/TR/xhtml1/DTD/xhtml1-transitional.dtd">
<html xmlns="http://www.w3.org/1999/xhtml" xml:lang="en" lang="en">
 <head>
  <title>
</title>
<meta http-equiv="Content-Type" content="text/html;charset=utf-8" />
  <meta name='ocr-system' content='tesseract 3.04.00' />
  <meta name='ocr-capabilities' content='ocr_page ocr_carea ocr_par ocr_line ocrx_word'/>
</head>
<body>
  <div class='ocr_page' id='page_1' title='image "./analectahistori00kaubgoog_0036.png"; bbox 0 0 2662 4456; ppageno 0'>
   <div class='ocr_carea' id='block_1_1' title="bbox 54 317 1248 3444">
    <p class='ocr_par' dir='ltr' id='par_1_1' title="bbox 67 317 1217 1029">
     <span class='ocr_line' id='line_1_1' title="bbox 68 317 1212 420; baseline 0.004 -18"><span class='ocrx_word' id='word_1_1' title='bbox 68 331 213 420; x_wconf 89' lang='lat' dir='ltr'>scribit,</span> <span class='ocrx_word' id='word_1_2' title='bbox 225 328 417 401; x_wconf 89' lang='lat' dir='ltr'>indubium</span> <span class='ocrx_word' id='word_1_3' title='bbox 428 332 482 398; x_wconf 88' lang='lat' dir='ltr'>est</span> <span class='ocrx_word' id='word_1_4' title='bbox 493 349 504 410; x_wconf 91' lang='lat'>;</span> <span class='ocrx_word' id='word_1_5' title='bbox 514 332 672 396; x_wconf 83' lang='lat' dir='ltr'>attamen</span> <span class='ocrx_word' id='word_1_6' title='bbox 684 347 797 397; x_wconf 83' lang='lat' dir='ltr'>annus</span> <span class='ocrx_word' id='word_1_7' title='bbox 805 319 868 397; x_wconf 87' lang='lat' dir='ltr'>irio</span> <span class='ocrx_word' id='word_1_8' title='bbox 879 317 916 420; x_wconf 80' lang='lat'>*)</span> <span class='ocrx_word' id='word_1_9' title='bbox 932 327 1212 407; x_wconf 79' lang='lat' dir='ltr'>aetatesclrolao</span> 
     </span>
     <span class='ocr_line' id='line_1_2' title="bbox 72 439 1213 544; baseline 0.004 -20"><span class='ocrx_word' id='word_1_10' title='bbox 72 457 113 524; x_wconf 91' lang='lat' dir='ltr'>in</span> <span class='ocrx_word' id='word_1_11' title='bbox 141 439 224 525; x_wconf 86' lang='lat' dir='ltr'>arce</span> <span class='ocrx_word' id='word_1_12' title='bbox 251 453 429 544; x_wconf 83' lang='lat' dir='ltr'>Progensi</span> <span class='ocrx_word' id='word_1_13' title='bbox 463 452 574 544; x_wconf 76' lang='lat' dir='ltr'>longe</span> <span class='ocrx_word' id='word_1_14' title='bbox 597 452 780 543; x_wconf 75' lang='lat' dir='ltr'><strong>posterior</strong></span> <span class='ocrx_word' id='word_1_15' title='bbox 815 459 879 520; x_wconf 86' lang='lat' dir='ltr'>est.</span> <span class='ocrx_word' id='word_1_16' title='bbox 934 447 1105 524; x_wconf 83' lang='lat' dir='ltr'>Ceterum</span> <span class='ocrx_word' id='word_1_17' title='bbox 1130 459 1213 535; x_wconf 83' lang='lat' dir='ltr'>nul-j</span> 
     </span>
     <span class='ocr_line' id='line_1_3' title="bbox 69 570 1212 667; baseline 0.009 -25"><span class='ocrx_word' id='word_1_18' title='bbox 69 575 157 644; x_wconf 89' lang='lat' dir='ltr'>lum·</span> <span class='ocrx_word' id='word_1_19' title='bbox 190 574 373 667; x_wconf 85' lang='lat' dir='ltr'>reperitur</span> <span class='ocrx_word' id='word_1_20' title='bbox 419 575 692 660; x_wconf 80' lang='lat' dir='ltr'>testimoninm,</span> <span class='ocrx_word' id='word_1_21' title='bbox 738 570 913 662; x_wconf 88' lang='lat' dir='ltr'>quamdin</span> <span class='ocrx_word' id='word_1_22' title='bbox 950 571 1079 644; x_wconf 89' lang='lat' dir='ltr'>schola</span> <span class='ocrx_word' id='word_1_23' title='bbox 1115 577 1212 652; x_wconf 87' lang='lat' dir='ltr'>haeo</span> 
     </span>
     <span class='ocr_line' id='line_1_4' title="bbox 68 692 1209 782; baseline 0.005 -17"><span class='ocrx_word' id='word_1_24' title='bbox 68 693 379 765; x_wconf 84' lang='lat' dir='ltr'>Wissehradensis</span> <span class='ocrx_word' id='word_1_25' title='bbox 398 694 596 780; x_wconf 72' lang='lat' dir='ltr'>duraverit,</span> <span class='ocrx_word' id='word_1_26' title='bbox 624 703 686 763; x_wconf 89' lang='lat' dir='ltr'>aut</span> <span class='ocrx_word' id='word_1_27' title='bbox 704 692 900 782; x_wconf 89' lang='lat' dir='ltr'>quidinde</span> <span class='ocrx_word' id='word_1_28' title='bbox 919 693 1048 763; x_wconf 85' lang='lat' dir='ltr'>literae</span> <span class='ocrx_word' id='word_1_29' title='bbox 1068 698 1209 772; x_wconf 88' lang='lat' dir='ltr'>latinae</span> 
     </span>
     <span class='ocr_line' id='line_1_5' title="bbox 68 812 1208 911; baseline 0.005 -27"><span class='ocrx_word' id='word_1_30' title='bbox 68 817 289 885; x_wconf 90' lang='lat' dir='ltr'>incrementi</span> <span class='ocrx_word' id='word_1_31' title='bbox 315 817 502 907; x_wconf 74' lang='lat' dir='ltr'>ceperint,</span> <span class='ocrx_word' id='word_1_32' title='bbox 549 814 617 882; x_wconf 86' lang='lat' dir='ltr'>nisi</span> <span class='ocrx_word' id='word_1_33' title='bbox 652 816 775 884; x_wconf 80' lang='lat' dir='ltr'>forsan</span> <span class='ocrx_word' id='word_1_34' title='bbox 807 812 1045 885; x_wconf 84' lang='lat' dir='ltr'>Franciscnm</span> <span class='ocrx_word' id='word_1_35' title='bbox 1075 818 1208 911; x_wconf 88' lang='lat' dir='ltr'>ipsum,</span> 
     </span>
     <span class='ocr_line' id='line_1_6' title="bbox 67 936 1217 1029; baseline -0.002 -24"><span class='ocrx_word' id='word_1_36' title='bbox 67 936 147 1029; x_wconf 88' lang='lat' dir='ltr'>ejus</span> <span class='ocrx_word' id='word_1_37' title='bbox 166 948 358 1024; x_wconf 85' lang='lat' dir='ltr'>rectorem,</span> <span class='ocrx_word' id='word_1_38' title='bbox 387 937 619 1026; x_wconf 75' lang='lat' dir='ltr'>excipiamus.</span> <span class='ocrx_word' id='word_1_39' title='bbox 1212 1020 1217 1029; x_wconf 28' lang='grc' dir='ltr'><strong><em>Ι</em></strong></span> 
     </span>
    </p>

    <p class='ocr_par' dir='ltr' id='par_1_2' title="bbox 65 1054 1210 1391">
     <span class='ocr_line' id='line_1_7' title="bbox 159 1054 1209 1151; baseline 0.003 -25"><span class='ocrx_word' id='word_1_40' title='bbox 159 1058 270 1127; x_wconf 86' lang='lat' dir='ltr'>Nulla</span> <span class='ocrx_word' id='word_1_41' title='bbox 295 1060 420 1148; x_wconf 84' lang='lat' dir='ltr'>itaque</span> <span class='ocrx_word' id='word_1_42' title='bbox 447 1057 578 1127; x_wconf 83' lang='lat' dir='ltr'>schola</span> <span class='ocrx_word' id='word_1_43' title='bbox 603 1058 642 1125; x_wconf 93' lang='lat' dir='ltr'>in</span> <span class='ocrx_word' id='word_1_44' title='bbox 666 1054 848 1127; x_wconf 89' lang='lat' dir='ltr'>Bohemia</span> <span class='ocrx_word' id='word_1_45' title='bbox 874 1076 958 1126; x_wconf 91' lang='lat' dir='ltr'>cum</span> <span class='ocrx_word' id='word_1_46' title='bbox 983 1057 1062 1146; x_wconf 88' lang='lat' dir='ltr'>illa,</span> <span class='ocrx_word' id='word_1_47' title='bbox 1090 1075 1209 1151; x_wconf 78' lang='lat' dir='ltr'>qnam</span> 
     </span>
     <span class='ocr_line' id='line_1_8' title="bbox 66 1178 1210 1268; baseline 0.003 -22"><span class='ocrx_word' id='word_1_48' title='bbox 66 1179 105 1246; x_wconf 92' lang='lat' dir='ltr'>in</span> <span class='ocrx_word' id='word_1_49' title='bbox 135 1200 220 1248; x_wconf 90' lang='lat' dir='ltr'>arce</span> <span class='ocrx_word' id='word_1_50' title='bbox 246 1179 423 1268; x_wconf 85' lang='lat' dir='ltr'>Pragensi</span> <span class='ocrx_word' id='word_1_51' title='bbox 449 1179 649 1246; x_wconf 81' lang='lat' dir='ltr'><strong>obtinuisse</strong></span> <span class='ocrx_word' id='word_1_52' title='bbox 678 1178 1016 1265; x_wconf 85' lang='lat' dir='ltr'>demonstravimus,</span> <span class='ocrx_word' id='word_1_53' title='bbox 1046 1200 1115 1250; x_wconf 86' lang='lat' dir='ltr'>nec</span> <span class='ocrx_word' id='word_1_54' title='bbox 1142 1202 1210 1257; x_wconf 61' lang='lat' dir='ltr'>ans</span> 
     </span>
     <span class='ocr_line' id='line_1_9' title="bbox 65 1297 1209 1391; baseline 0.002 -24"><span class='ocrx_word' id='word_1_55' title='bbox 65 1298 258 1389; x_wconf 85' lang='lat' dir='ltr'>tiquitate,</span> <span class='ocrx_word' id='word_1_56' title='bbox 285 1317 353 1363; x_wconf 92' lang='lat' dir='ltr'>nec</span> <span class='ocrx_word' id='word_1_57' title='bbox 381 1297 452 1365; x_wconf 87' lang='lat' dir='ltr'>alia</span> <span class='ocrx_word' id='word_1_58' title='bbox 477 1297 556 1364; x_wconf 82' lang='lat' dir='ltr'>ulla</span> <span class='ocrx_word' id='word_1_59' title='bbox 580 1301 721 1366; x_wconf 87' lang='lat' dir='ltr'>ratione</span> <span class='ocrx_word' id='word_1_60' title='bbox 749 1300 908 1368; x_wconf 88' lang='lat' dir='ltr'>conferri</span> <span class='ocrx_word' id='word_1_61' title='bbox 933 1309 1069 1391; x_wconf 84' lang='lat' dir='ltr'>potest.</span> <span class='ocrx_word' id='word_1_62' title='bbox 1095 1320 1099 1327; x_wconf 82' lang='lat'>&#39;</span> <span class='ocrx_word' id='word_1_63' title='bbox 1206 1362 1209 1369; x_wconf 91' lang='lat'>.</span> 
     </span>
    </p>

    <p class='ocr_par' dir='ltr' id='par_1_3' title="bbox 62 1417 1248 1993">
     <span class='ocr_line' id='line_1_10' title="bbox 161 1417 1208 1509; baseline 0.005 -23"><span class='ocrx_word' id='word_1_64' title='bbox 161 1419 294 1487; x_wconf 87' lang='lat' dir='ltr'>Studia</span> <span class='ocrx_word' id='word_1_65' title='bbox 311 1426 430 1491; x_wconf 85' lang='lat' dir='ltr'>autem</span> <span class='ocrx_word' id='word_1_66' title='bbox 449 1417 896 1509; x_wconf 81' lang='lat' dir='ltr'>latina‘adD.Vitiusqne</span> <span class='ocrx_word' id='word_1_67' title='bbox 917 1419 964 1486; x_wconf 93' lang='lat' dir='ltr'>ad</span> <span class='ocrx_word' id='word_1_68' title='bbox 974 1418 1099 1493; x_wconf 88' lang='lat' dir='ltr'>Caroli</span> <span class='ocrx_word' id='word_1_69' title='bbox 1113 1428 1208 1491; x_wconf 62' lang='lat' dir='ltr'>tem«.</span> 
     </span>
     <span class='ocr_line' id='line_1_11' title="bbox 62 1539 1209 1633; baseline 0.003 -25"><span class='ocrx_word' id='word_1_70' title='bbox 62 1561 158 1633; x_wconf 91' lang='lat' dir='ltr'>pora</span> <span class='ocrx_word' id='word_1_71' title='bbox 177 1548 215 1608; x_wconf 88' lang='lat' dir='ltr'>et</span> <span class='ocrx_word' id='word_1_72' title='bbox 243 1549 403 1607; x_wconf 83' lang='lat' dir='ltr'>erectam</span> <span class='ocrx_word' id='word_1_73' title='bbox 423 1540 468 1609; x_wconf 91' lang='lat' dir='ltr'>ab</span> <span class='ocrx_word' id='word_1_74' title='bbox 498 1560 541 1607; x_wconf 91' lang='lat' dir='ltr'>eo</span> <span class='ocrx_word' id='word_1_75' title='bbox 563 1541 835 1609; x_wconf 86' lang='lat' dir='ltr'>universitatem</span> <span class='ocrx_word' id='word_1_76' title='bbox 860 1539 1102 1632; x_wconf 78' lang='lat' dir='ltr'>perdurasse,</span> <span class='ocrx_word' id='word_1_77' title='bbox 1127 1542 1209 1633; x_wconf 84' lang='lat' dir='ltr'>jam</span> 
     </span>
     <span class='ocr_line' id='line_1_12' title="bbox 65 1657 1219 1754; baseline 0.003 -26"><span class='ocrx_word' id='word_1_78' title='bbox 65 1660 158 1728; x_wconf 89' lang='lat' dir='ltr'>inde</span> <span class='ocrx_word' id='word_1_79' title='bbox 177 1667 293 1751; x_wconf 86' lang='lat' dir='ltr'>patet,</span> <span class='ocrx_word' id='word_1_80' title='bbox 321 1658 423 1748; x_wconf 90' lang='lat' dir='ltr'>quod</span> <span class='ocrx_word' id='word_1_81' title='bbox 450 1657 523 1727; x_wconf 89' lang='lat' dir='ltr'>duo</span> <span class='ocrx_word' id='word_1_82' title='bbox 550 1660 609 1727; x_wconf 87' lang='lat' dir='ltr'><strong>illi</strong></span> <span class='ocrx_word' id='word_1_83' title='bbox 634 1661 855 1751; x_wconf 76' lang='lat' dir='ltr'>posteriores</span> <span class='ocrx_word' id='word_1_84' title='bbox 883 1658 1158 1754; x_wconf 78' lang='lat' dir='ltr'>chronographi</span> <span class='ocrx_word' id='word_1_85' title='bbox 1186 1669 1219 1733; x_wconf 77' lang='grc' dir='ltr'>θ’</span> 
     </span>
     <span class='ocr_line' id='line_1_13' title="bbox 65 1776 1210 1871; baseline 0.003 -22"><span class='ocrx_word' id='word_1_86' title='bbox 65 1780 241 1871; x_wconf 84' lang='lat' dir='ltr'>Collegio</span> <span class='ocrx_word' id='word_1_87' title='bbox 256 1776 537 1863; x_wconf 88' lang='lat' dir='ltr'>Canonieorum,</span> <span class='ocrx_word' id='word_1_88' title='bbox 558 1777 778 1848; x_wconf 85' lang='lat' dir='ltr'>Franciscus</span> <span class='ocrx_word' id='word_1_89' title='bbox 799 1781 1038 1851; x_wconf 83' lang='lat' dir='ltr'>etBenessius</span> <span class='ocrx_word' id='word_1_90' title='bbox 1053 1793 1210 1863; x_wconf 81' lang='lat' dir='ltr'>aetatem</span> 
     </span>
     <span class='ocr_line' id='line_1_14' title="bbox 65 1898 1248 1993; baseline 0.003 -23"><span class='ocrx_word' id='word_1_91' title='bbox 65 1898 195 1970; x_wconf 89' lang='lat' dir='ltr'>Caroli</span> <span class='ocrx_word' id='word_1_92' title='bbox 207 1902 408 1990; x_wconf 84' lang='lat' dir='ltr'>attigerint,</span> <span class='ocrx_word' id='word_1_93' title='bbox 419 1901 615 1970; x_wconf 87' lang='lat' dir='ltr'>Benessins</span> <span class='ocrx_word' id='word_1_94' title='bbox 625 1922 711 1969; x_wconf 88' lang='lat' dir='ltr'>vero</span> <span class='ocrx_word' id='word_1_95' title='bbox 723 1901 757 1968; x_wconf 91' lang='lat' dir='ltr'>ei</span> <span class='ocrx_word' id='word_1_96' title='bbox 773 1903 1073 1993; x_wconf 80' lang='lat' dir='ltr'>etiamsuperstes</span> <span class='ocrx_word' id='word_1_97' title='bbox 1083 1905 1210 1976; x_wconf 67' lang='lat' dir='ltr'>fuerit·</span> <span class='ocrx_word' id='word_1_98' title='bbox 1244 1950 1248 1965; x_wconf 57' lang='grc' dir='ltr'>ι</span> 
     </span>
    </p>

    <p class='ocr_par' dir='ltr' id='par_1_4' title="bbox 54 2018 1210 3444">
     <span class='ocr_line' id='line_1_15' title="bbox 169 2018 1208 2110; baseline 0.008 -24"><span class='ocrx_word' id='word_1_99' title='bbox 169 2018 323 2089; x_wconf 86' lang='lat' dir='ltr'>Causam</span> <span class='ocrx_word' id='word_1_100' title='bbox 359 2031 497 2110; x_wconf 87' lang='lat' dir='ltr'>autem,</span> <span class='ocrx_word' id='word_1_101' title='bbox 550 2023 597 2090; x_wconf 91' lang='lat' dir='ltr'>ob</span> <span class='ocrx_word' id='word_1_102' title='bbox 635 2043 745 2110; x_wconf 89' lang='lat' dir='ltr'>quam</span> <span class='ocrx_word' id='word_1_103' title='bbox 781 2044 825 2090; x_wconf 82' lang='lat' dir='ltr'>ex</span> <span class='ocrx_word' id='word_1_104' title='bbox 862 2044 905 2090; x_wconf 91' lang='lat' dir='ltr'>eo</span> <span class='ocrx_word' id='word_1_105' title='bbox 942 2024 1077 2094; x_wconf 84' lang='lat' dir='ltr'>abhinc</span> <span class='ocrx_word' id='word_1_106' title='bbox 1112 2036 1208 2094; x_wconf 82' lang='lat' dir='ltr'>tem-</span> 
     </span>
     <span class='ocr_line' id='line_1_16' title="bbox 65 2139 1207 2237; baseline 0.004 -26"><span class='ocrx_word' id='word_1_107' title='bbox 65 2164 160 2235; x_wconf 90' lang='lat' dir='ltr'>pore</span> <span class='ocrx_word' id='word_1_108' title='bbox 189 2140 293 2210; x_wconf 91' lang='lat' dir='ltr'>nulla</span> <span class='ocrx_word' id='word_1_109' title='bbox 318 2146 516 2212; x_wconf 76' lang='lat' dir='ltr'>exstantior</span> <span class='ocrx_word' id='word_1_110' title='bbox 541 2143 716 2211; x_wconf 90' lang='lat' dir='ltr'>memoria</span> <span class='ocrx_word' id='word_1_111' title='bbox 735 2139 885 2210; x_wconf 90' lang='lat' dir='ltr'>scholae</span> <span class='ocrx_word' id='word_1_112' title='bbox 901 2146 1207 2237; x_wconf 86' lang='lat' dir='ltr'>metropolitanae</span> 
     </span>
     <span class='ocr_line' id='line_1_17' title="bbox 64 2263 1210 2353; baseline 0.005 -22"><span class='ocrx_word' id='word_1_113' title='bbox 64 2263 252 2347; x_wconf 88' lang='lat' dir='ltr'>occurrit,</span> <span class='ocrx_word' id='word_1_114' title='bbox 290 2264 407 2352; x_wconf 86' lang='lat' dir='ltr'>quivis</span> <span class='ocrx_word' id='word_1_115' title='bbox 441 2265 552 2334; x_wconf 87' lang='lat' dir='ltr'>facile</span> <span class='ocrx_word' id='word_1_116' title='bbox 581 2263 734 2352; x_wconf 79' lang='lat' dir='ltr'>adsequi</span> <span class='ocrx_word' id='word_1_117' title='bbox 759 2264 909 2353; x_wconf 89' lang='lat' dir='ltr'>poterit.</span> <span class='ocrx_word' id='word_1_118' title='bbox 971 2264 1210 2345; x_wconf 78' lang='lat' dir='ltr'>Converterat</span> 
     </span>
     <span class='ocr_line' id='line_1_18' title="bbox 63 2381 1210 2476; baseline 0.009 -23"><span class='ocrx_word' id='word_1_119' title='bbox 63 2392 200 2475; x_wconf 84' lang='lat' dir='ltr'>nempe</span> <span class='ocrx_word' id='word_1_120' title='bbox 226 2405 320 2451; x_wconf 87' lang='lat' dir='ltr'>nova</span> <span class='ocrx_word' id='word_1_121' title='bbox 344 2385 575 2474; x_wconf 84' lang='lat' dir='ltr'>universitas,</span> <span class='ocrx_word' id='word_1_122' title='bbox 613 2407 721 2476; x_wconf 93' lang='lat' dir='ltr'>qnam</span> <span class='ocrx_word' id='word_1_123' title='bbox 748 2381 902 2454; x_wconf 86' lang='lat' dir='ltr'>Carolus</span> <span class='ocrx_word' id='word_1_124' title='bbox 927 2383 1098 2457; x_wconf 77' lang='lat' dir='ltr'>wanno</span> <span class='ocrx_word' id='word_1_125' title='bbox 1123 2392 1210 2463; x_wconf 71' lang='lat'><strong>1348</strong></span> 
     </span>
     <span class='ocr_line' id='line_1_19' title="bbox 62 2505 1208 2600; baseline 0.004 -27"><span class='ocrx_word' id='word_1_126' title='bbox 62 2505 240 2590; x_wconf 81' lang='lat' dir='ltr'>instituit,</span> <span class='ocrx_word' id='word_1_127' title='bbox 271 2526 313 2572; x_wconf 90' lang='lat' dir='ltr'>ac</span> <span class='ocrx_word' id='word_1_128' title='bbox 341 2525 424 2572; x_wconf 87' lang='lat' dir='ltr'>vere</span> <span class='ocrx_word' id='word_1_129' title='bbox 451 2507 555 2595; x_wconf 85' lang='lat' dir='ltr'>regia</span> <span class='ocrx_word' id='word_1_130' title='bbox 580 2506 840 2589; x_wconf 86' lang='lat' dir='ltr'>munificentia,</span> <span class='ocrx_word' id='word_1_131' title='bbox 868 2515 907 2573; x_wconf 90' lang='lat' dir='ltr'>et</span> <span class='ocrx_word' id='word_1_132' title='bbox 931 2518 1085 2600; x_wconf 89' lang='lat' dir='ltr'>paterno</span> <span class='ocrx_word' id='word_1_133' title='bbox 1107 2510 1208 2578; x_wconf 65' lang='lat' dir='ltr'>favo</span> 
     </span>
     <span class='ocr_line' id='line_1_20' title="bbox 63 2622 1207 2719; baseline 0.005 -26"><span class='ocrx_word' id='word_1_134' title='bbox 63 2649 107 2693; x_wconf 86' lang='lat' dir='ltr'>rc</span> <span class='ocrx_word' id='word_1_135' title='bbox 135 2625 328 2711; x_wconf 83' lang='lat' dir='ltr'>tuebatur,</span> <span class='ocrx_word' id='word_1_136' title='bbox 366 2627 526 2694; x_wconf 90' lang='lat' dir='ltr'>omnium</span> <span class='ocrx_word' id='word_1_137' title='bbox 551 2627 590 2693; x_wconf 93' lang='lat' dir='ltr'>in</span> <span class='ocrx_word' id='word_1_138' title='bbox 617 2646 655 2693; x_wconf 86' lang='lat' dir='ltr'>se</span> <span class='ocrx_word' id='word_1_139' title='bbox 681 2622 804 2690; x_wconf 87' lang='lat' dir='ltr'>studia</span> <span class='ocrx_word' id='word_1_140' title='bbox 829 2633 866 2690; x_wconf 90' lang='lat' dir='ltr'>et</span> <span class='ocrx_word' id='word_1_141' title='bbox 892 2628 1044 2708; x_wconf 85' lang='lat' dir='ltr'>oculos3</span> <span class='ocrx_word' id='word_1_142' title='bbox 1078 2629 1207 2719; x_wconf 85' lang='lat' dir='ltr'>itaquo</span> 
     </span>
     <span class='ocr_line' id='line_1_21' title="bbox 60 2743 1205 2838; baseline 0.002 -23"><span class='ocrx_word' id='word_1_143' title='bbox 60 2743 162 2815; x_wconf 84' lang='lat' dir='ltr'>hanc</span> <span class='ocrx_word' id='word_1_144' title='bbox 185 2747 309 2814; x_wconf 89' lang='lat' dir='ltr'>cuncti</span> <span class='ocrx_word' id='word_1_145' title='bbox 337 2757 521 2838; x_wconf 86' lang='lat' dir='ltr'>spectare,</span> <span class='ocrx_word' id='word_1_146' title='bbox 549 2769 593 2814; x_wconf 90' lang='lat' dir='ltr'>eo</span> <span class='ocrx_word' id='word_1_147' title='bbox 621 2745 745 2813; x_wconf 79' lang='lat' dir='ltr'>cuncti</span> <span class='ocrx_word' id='word_1_148' title='bbox 773 2764 990 2830; x_wconf 87' lang='lat' dir='ltr'>commeare,</span> <span class='ocrx_word' id='word_1_149' title='bbox 1018 2745 1121 2837; x_wconf 87' lang='lat' dir='ltr'>cnjus</span> <span class='ocrx_word' id='word_1_150' title='bbox 1147 2749 1205 2818; x_wconf 85' lang='lat' dir='ltr'>in·</span> 
     </span>
     <span class='ocr_line' id='line_1_22' title="bbox 59 2864 1199 2960; baseline 0 -24"><span class='ocrx_word' id='word_1_151' title='bbox 59 2866 200 2936; x_wconf 71' lang='lat' dir='ltr'>stitutio</span> <span class='ocrx_word' id='word_1_152' title='bbox 227 2869 347 2936; x_wconf 91' lang='lat' dir='ltr'>omnia</span> <span class='ocrx_word' id='word_1_153' title='bbox 372 2870 514 2960; x_wconf 81' lang='lat' dir='ltr'>Pragae</span> <span class='ocrx_word' id='word_1_154' title='bbox 551 2877 588 2936; x_wconf 90' lang='lat' dir='ltr'>et</span> <span class='ocrx_word' id='word_1_155' title='bbox 622 2867 662 2934; x_wconf 93' lang='lat' dir='ltr'>in</span> <span class='ocrx_word' id='word_1_156' title='bbox 688 2865 869 2934; x_wconf 87' lang='lat' dir='ltr'>Bohemia</span> <span class='ocrx_word' id='word_1_157' title='bbox 896 2864 1087 2934; x_wconf 84' lang='lat' dir='ltr'>doetrinae</span> <span class='ocrx_word' id='word_1_158' title='bbox 1122 2876 1199 2936; x_wconf 81' lang='lat' dir='ltr'>stn-</span> 
     </span>
     <span class='ocr_line' id='line_1_23' title="bbox 58 2983 1203 3058; baseline -0.001 -1"><span class='ocrx_word' id='word_1_159' title='bbox 58 2987 126 3057; x_wconf 90' lang='lat' dir='ltr'>dia</span> <span class='ocrx_word' id='word_1_160' title='bbox 150 2989 332 3057; x_wconf 83' lang='lat' dir='ltr'>contineri</span> <span class='ocrx_word' id='word_1_161' title='bbox 367 3013 440 3058; x_wconf 91' lang='lat' dir='ltr'>non</span> <span class='ocrx_word' id='word_1_162' title='bbox 473 2989 653 3057; x_wconf 84' lang='lat' dir='ltr'>immerito</span> <span class='ocrx_word' id='word_1_163' title='bbox 679 2989 909 3058; x_wconf 82' lang='lat' dir='ltr'>videbantur.</span> <span class='ocrx_word' id='word_1_164' title='bbox 960 2986 1061 3054; x_wconf 82' lang='lat' dir='ltr'>Hoc&#39;·</span> <span class='ocrx_word' id='word_1_165' title='bbox 1080 2983 1203 3057; x_wconf 87' lang='lat' dir='ltr'>tame&#39;n</span> 
     </span>
     <span class='ocr_line' id='line_1_24' title="bbox 56 3084 1210 3201; baseline 0 -24"><span class='ocrx_word' id='word_1_166' title='bbox 56 3131 135 3177; x_wconf 90' lang='lat' dir='ltr'>non</span> <span class='ocrx_word' id='word_1_167' title='bbox 161 3111 296 3199; x_wconf 81' lang='lat' dir='ltr'>obstat,</span> <span class='ocrx_word' id='word_1_168' title='bbox 333 3084 526 3201; x_wconf 81' lang='lat' dir='ltr'>quominus</span> <span class='ocrx_word' id='word_1_169' title='bbox 555 3111 676 3177; x_wconf 84' lang='lat' dir='ltr'>studia</span> <span class='ocrx_word' id='word_1_170' title='bbox 704 3109 896 3200; x_wconf 89' lang='lat' dir='ltr'>quaedam,</span> <span class='ocrx_word' id='word_1_171' title='bbox 934 3109 1078 3197; x_wconf 86' lang='lat' dir='ltr'>privata</span> <span class='ocrx_word' id='word_1_172' title='bbox 1110 3110 1210 3178; x_wconf 74' lang='lat' dir='ltr'>licet&#39;</span> 
     </span>
     <span class='ocr_line' id='line_1_25' title="bbox 54 3228 1200 3323; baseline 0 -25"><span class='ocrx_word' id='word_1_173' title='bbox 54 3233 199 3323; x_wconf 85' lang='lat' dir='ltr'>magis,</span> <span class='ocrx_word' id='word_1_174' title='bbox 240 3241 277 3300; x_wconf 85' lang='lat' dir='ltr'>et</span> <span class='ocrx_word' id='word_1_175' title='bbox 305 3233 507 3302; x_wconf 88' lang='lat' dir='ltr'>domestica</span> <span class='ocrx_word' id='word_1_176' title='bbox 534 3233 637 3321; x_wconf 91' lang='lat' dir='ltr'>quasi</span> <span class='ocrx_word' id='word_1_177' title='bbox 662 3233 805 3299; x_wconf 88' lang='lat' dir='ltr'>ratione</span> <span class='ocrx_word' id='word_1_178' title='bbox 830 3239 908 3297; x_wconf 84' lang='lat' dir='ltr'>tum</span> <span class='ocrx_word' id='word_1_179' title='bbox 932 3228 972 3294; x_wconf 90' lang='lat' dir='ltr'>in</span> <span class='ocrx_word' id='word_1_180' title='bbox 1000 3249 1084 3297; x_wconf 89' lang='lat' dir='ltr'>arce</span> <span class='ocrx_word' id='word_1_181' title='bbox 1110 3230 1200 3298; x_wconf 85' lang='lat' dir='ltr'>Pra-</span> 
     </span>
     <span class='ocr_line' id='line_1_26' title="bbox 56 3350 1203 3444; baseline -0.003 -24"><span class='ocrx_word' id='word_1_182' title='bbox 56 3352 191 3444; x_wconf 82' lang='lat' dir='ltr'>geusi,</span> <span class='ocrx_word' id='word_1_183' title='bbox 237 3363 315 3422; x_wconf 91' lang='lat' dir='ltr'>tum</span> <span class='ocrx_word' id='word_1_184' title='bbox 350 3356 390 3422; x_wconf 90' lang='lat' dir='ltr'>in</span> <span class='ocrx_word' id='word_1_185' title='bbox 424 3353 577 3421; x_wconf 85' lang='lat' dir='ltr'>diversis</span> <span class='ocrx_word' id='word_1_186' title='bbox 611 3352 753 3440; x_wconf 81' lang='lat' dir='ltr'>Pragae</span> <span class='ocrx_word' id='word_1_187' title='bbox 786 3350 942 3420; x_wconf 89' lang='lat' dir='ltr'>Minoris</span> <span class='ocrx_word' id='word_1_188' title='bbox 975 3351 1203 3423; x_wconf 81' lang='lat' dir='ltr'>monasteriis</span> 
     </span>
    </p>
   </div>
   <div class='ocr_carea' id='block_1_2' title="bbox 94 3520 1205 3640">
    <p class='ocr_par' dir='ltr' id='par_1_5' title="bbox 94 3520 1205 3640">
     <span class='ocr_line' id='line_1_27' title="bbox 94 3520 1205 3640; baseline -0.009 -21"><span class='ocrx_word' id='word_1_189' title='bbox 94 3549 139 3640; x_wconf 78' lang='lat'>²¹¹)</span> <span class='ocrx_word' id='word_1_190' title='bbox 160 3557 291 3619; x_wconf 75' lang='lat' dir='ltr'>ioannes</span> <span class='ocrx_word' id='word_1_191' title='bbox 320 3553 500 3636; x_wconf 79' lang='lat' dir='ltr'>Berghauer</span> <span class='ocrx_word' id='word_1_192' title='bbox 529 3551 561 3613; x_wconf 89' lang='lat' dir='ltr'>in</span> <span class='ocrx_word' id='word_1_193' title='bbox 585 3546 830 3627; x_wconf 78' lang='lat' dir='ltr'>Protomnrtyrio</span> <span class='ocrx_word' id='word_1_194' title='bbox 851 3546 884 3613; x_wconf 79' lang='lat' dir='ltr'>S.</span> <span class='ocrx_word' id='word_1_195' title='bbox 908 3547 1030 3610; x_wconf 78' lang='lat' dir='ltr'>ioannis</span> <span class='ocrx_word' id='word_1_196' title='bbox 1057 3520 1205 3625; x_wconf 74' lang='lat' dir='ltr'>provocet</span> 
     </span>
    </p>
   </div>
   <div class='ocr_carea' id='block_1_3' title="bbox 153 3652 1204 4050">
    <p class='ocr_par' dir='ltr' id='par_1_6' title="bbox 153 3652 1204 4050">
     <span class='ocr_line' id='line_1_28' title="bbox 153 3652 1204 3734; baseline -0.005 -12"><span class='ocrx_word' id='word_1_197' title='bbox 153 3664 192 3723; x_wconf 86' lang='lat' dir='ltr'>ad</span> <span class='ocrx_word' id='word_1_198' title='bbox 217 3666 311 3726; x_wconf 88' lang='lat' dir='ltr'>libros</span> <span class='ocrx_word' id='word_1_199' title='bbox 330 3666 434 3726; x_wconf 82' lang='lat' dir='ltr'>Erect.</span> <span class='ocrx_word' id='word_1_200' title='bbox 458 3658 533 3725; x_wconf 84' lang='lat' dir='ltr'><strong>Voi.</strong></span> <span class='ocrx_word' id='word_1_201' title='bbox 554 3655 608 3724; x_wconf 85' lang='grc'>13.</span> <span class='ocrx_word' id='word_1_202' title='bbox 631 3658 660 3718; x_wconf 81' lang='lat' dir='ltr'>k.</span> <span class='ocrx_word' id='word_1_203' title='bbox 682 3657 744 3718; x_wconf 87' lang='lat' dir='ltr'>Sed</span> <span class='ocrx_word' id='word_1_204' title='bbox 766 3654 808 3714; x_wconf 90' lang='lat' dir='ltr'>nil</span> <span class='ocrx_word' id='word_1_205' title='bbox 827 3654 906 3714; x_wconf 86' lang='lat' dir='ltr'>ultra</span> <span class='ocrx_word' id='word_1_206' title='bbox 926 3654 970 3715; x_wconf 90' lang='lat' dir='ltr'>ibi</span> <span class='ocrx_word' id='word_1_207' title='bbox 990 3653 1118 3734; x_wconf 80' lang='lat' dir='ltr'>iegitur,</span> <span class='ocrx_word' id='word_1_208' title='bbox 1145 3652 1204 3717; x_wconf 87' lang='lat' dir='ltr'>nisi</span> 
     </span>
     <span class='ocr_line' id='line_1_29' title="bbox 158 3757 1203 3840; baseline -0.009 -12"><span class='ocrx_word' id='word_1_209' title='bbox 158 3767 235 3829; x_wconf 83' lang='lat' dir='ltr'>haec</span> <span class='ocrx_word' id='word_1_210' title='bbox 263 3771 301 3829; x_wconf 88' lang='lat' dir='ltr'>nd</span> <span class='ocrx_word' id='word_1_211' title='bbox 328 3786 436 3828; x_wconf 88' lang='lat' dir='ltr'>annum</span> <span class='ocrx_word' id='word_1_212' title='bbox 464 3760 560 3827; x_wconf 77' lang='lat'><strong>140⁰.</strong></span> <span class='ocrx_word' id='word_1_213' title='bbox 604 3760 693 3836; x_wconf 88' lang='lat' dir='ltr'>„Pro</span> <span class='ocrx_word' id='word_1_214' title='bbox 714 3758 833 3840; x_wconf 82' lang='lat' dir='ltr'>capelia</span> <span class='ocrx_word' id='word_1_215' title='bbox 855 3758 889 3818; x_wconf 88' lang='lat' dir='ltr'>S.</span> <span class='ocrx_word' id='word_1_216' title='bbox 916 3757 1001 3818; x_wconf 87' lang='lat' dir='ltr'>Petri</span> <span class='ocrx_word' id='word_1_217' title='bbox 1027 3760 1058 3819; x_wconf 88' lang='lat' dir='ltr'>in</span> <span class='ocrx_word' id='word_1_218' title='bbox 1083 3757 1203 3821; x_wconf 86' lang='lat' dir='ltr'>Wisse-</span> 
     </span>
     <span class='ocr_line' id='line_1_30' title="bbox 153 3861 1201 3953; baseline -0.009 -21"><span class='ocrx_word' id='word_1_219' title='bbox 153 3872 259 3950; x_wconf 82' lang='lat' dir='ltr'>„hrad</span> <span class='ocrx_word' id='word_1_220' title='bbox 280 3892 389 3953; x_wconf 81' lang='lat' dir='ltr'>prope</span> <span class='ocrx_word' id='word_1_221' title='bbox 410 3867 541 3931; x_wconf 80' lang='lat' dir='ltr'>scholas</span> <span class='ocrx_word' id='word_1_222' title='bbox 558 3863 837 3929; x_wconf 77' lang='lat' dir='ltr'>Wssehrodeases</span> <span class='ocrx_word' id='word_1_223' title='bbox 854 3861 896 3925; x_wconf 85' lang='lat'>1⁰</span> <span class='ocrx_word' id='word_1_224' title='bbox 918 3882 967 3942; x_wconf 79' lang='lat' dir='ltr'>gr.</span> <span class='ocrx_word' id='word_1_225' title='bbox 984 3880 1091 3923; x_wconf 88' lang='lat' dir='ltr'>consus</span> <span class='ocrx_word' id='word_1_226' title='bbox 1112 3865 1201 3925; x_wconf 76' lang='lat' dir='ltr'>annisi</span> 
     </span>
     <span class='ocr_line' id='line_1_31' title="bbox 153 3965 1201 4050; baseline -0.009 -15"><span class='ocrx_word' id='word_1_227' title='bbox 153 3976 331 4050; x_wconf 74' lang='lat' dir='ltr'>„debentur</span> <span class='ocrx_word' id='word_1_228' title='bbox 361 3976 392 4034; x_wconf 92' lang='lat' dir='ltr'>in</span> <span class='ocrx_word' id='word_1_229' title='bbox 409 3972 518 4043; x_wconf 86' lang='lat' dir='ltr'>Podol,</span> <span class='ocrx_word' id='word_1_230' title='bbox 547 3990 586 4030; x_wconf 87' lang='lat' dir='ltr'>ex</span> <span class='ocrx_word' id='word_1_231' title='bbox 602 3976 781 4030; x_wconf 87' lang='lat' dir='ltr'>testamento</span> <span class='ocrx_word' id='word_1_232' title='bbox 808 3965 927 4030; x_wconf 77' lang='lat' dir='ltr'>nomini</span> <span class='ocrx_word' id='word_1_233' title='bbox 953 3966 1101 4047; x_wconf 80' lang='lat' dir='ltr'>Stephani</span> <span class='ocrx_word' id='word_1_234' title='bbox 1128 3966 1201 4028; x_wconf 85' lang='lat' dir='ltr'>dicti</span> 
     </span>
    </p>
   </div>
   <div class='ocr_carea' id='block_1_4' title="bbox 154 4071 835 4158">
    <p class='ocr_par' dir='ltr' id='par_1_7' title="bbox 154 4071 835 4158">
     <span class='ocr_line' id='line_1_32' title="bbox 154 4071 835 4158; baseline -0.006 -15"><span class='ocrx_word' id='word_1_235' title='bbox 154 4080 275 4158; x_wconf 88' lang='lat' dir='ltr'>„Kurt‚</span> <span class='ocrx_word' id='word_1_236' title='bbox 293 4078 424 4142; x_wconf 86' lang='lat' dir='ltr'>choralis</span> <span class='ocrx_word' id='word_1_237' title='bbox 445 4075 556 4140; x_wconf 85' lang='lat' dir='ltr'>ibidem</span> <span class='ocrx_word' id='word_1_238' title='bbox 574 4075 605 4140; x_wconf 91' lang='lat' dir='ltr'>in</span> <span class='ocrx_word' id='word_1_239' title='bbox 623 4071 835 4139; x_wconf 77' lang='lat' dir='ltr'>wissenau“</span> 
     </span>
    </p>
   </div>
   <div class='ocr_carea' id='block_1_5' title="bbox 0 0 1336 4456">
    <p class='ocr_par' dir='ltr' id='par_1_8' title="bbox 0 0 1336 4456">
     <span class='ocr_line' id='line_1_33' title="bbox 0 0 1336 4456; baseline 0 3"><span class='ocrx_word' id='word_1_240' title='bbox 0 0 1336 4456; x_wconf 95' lang='lat' dir='ltr'> </span> 
     </span>
    </p>
   </div>
  </div>
 </body>
</html>
