2662 4456
89 269 211 342 Julius
225 266 374 342 Euenor
398 264 446 336 de
470 269 709 362 grammatica
726 269 872 341 ratione
899 277 936 342 et
954 273 1124 368 analogia
1145 294 1225 343 ver-

90 407 220 479 borum
245 426 320 474 non
343 402 585 498 indiligenter
612 406 882 498 quaesiverunt.

188 677 332 764 Quibus
358 684 480 748 autem
504 677 712 769 praeceptis
737 676 809 746 hac
835 679 874 746 in
897 685 1003 770 parte
1028 680 1143 771 prisci
1171 679 1229 748 illi

93 813 263 904 magistri
288 816 328 883 in
354 834 438 884 arce
462 811 642 903 Pragensi
667 814 724 882 nsi
751 816 836 903 sint,
873 813 914 881 id
941 813 1092 904 quidem
1120 838 1232 905 qnae-

95 969 191 1036 rere,
218 948 318 1016 uulla
342 949 397 1016 rei
424 947 599 1016 memoria
622 951 828 1038 superstite,
856 971 987 1018 vanum
1014 958 1130 1032 esset;
1157 949 1232 1017 hoc

703 1048 715 1071 .

95 1089 218 1150 tamen
244 1089 390 1151 notasse
416 1103 492 1151 non
518 1083 691 1169 obfuerit,
720 1107 830 1173 quum
849 1084 980 1153 fnisset
999 1087 1147 1154 saeculo
1166 1106 1233 1152 no-

97 1236 145 1284 no
179 1216 432 1287 laudatissima
467 1216 627 1286 docendi
664 1220 759 1286 ratio
785 1220 979 1307 Rhabani,
1015 1221 1234 1289 coenobitae

99 1360 137 1419 et
163 1351 344 1424 didascali
368 1351 579 1439 Fuldensis,
616 1353 721 1444 isque
748 1355 846 1425 ultra
870 1358 1046 1448 temporis
1074 1358 1130 1425 sui
1155 1378 1232 1422 mo-

98 1486 188 1556 dum
213 1491 312 1558 omni
339 1489 501 1559 excultus
528 1488 748 1577 eruditione,
775 1498 904 1581 postea
932 1491 1232 1580 archiepiscopus

98 1620 340 1715 Mogontinns
366 1623 600 1693 renunciatus
628 1633 737 1710 esset,
766 1633 803 1692 et
830 1647 851 1691 a
875 1624 1107 1717 Mogontinis
1128 1644 1235 1714 prae·

100 1758 239 1826 sulibns
272 1758 383 1850 primi
409 1759 525 1827 nostri
562 1760 730 1851 episcopi
766 1758 915 1828 decreto
942 1756 1141 1827 Caesarum
1177 1779 1236 1826 or-

102 1889 207 1961 dines
234 1913 357 1963 sacros
383 1892 542 1977 ferrent3
577 1896 741 1986 potuisse
768 1895 929 1984 aliquam
963 1894 1128 1963 methodi
1158 1891 1236 1983 ejus

101 2029 309 2117 partemin
334 2026 480 2099 scholas
507 2029 557 2100 ad
589 2029 637 2098 l).
663 2026 742 2098 viti
769 2031 907 2122 scripto
943 2038 1005 2100 aut
1030 2031 1127 2102 fama
1160 2036 1236 2096 tra-

104 2159 215 2232 dente
239 2165 462 2257 pervenisse.
558 2257 564 2271 x
648 2241 668 2261 ,

196 2430 319 2505 Unum
345 2432 467 2504 adhuc
494 2442 562 2521 est,
590 2430 692 2524 quod
711 2428 923 2501 sinistrioris
943 2429 1099 2523 alicujus
1125 2431 1238 2499 inter·

103 2569 323 2658 pretationis
359 2567 601 2639 declinandae
636 2589 746 2638 causa
787 2565 878 2635 milri
914 2568 1072 2635 concedi
1107 2566 1241 2647 velim3

106 2720 191 2770 cnm
216 2726 349 2797 nempe
388 2705 534 2775 scholas
570 2705 707 2773 latinas
741 2702 884 2794 Pragae
913 2701 1070 2771 Minoris
1105 2701 1242 2792 primas

106 2838 267 2906 omnium
291 2840 330 2906 in
356 2837 536 2909 Bohemia
560 2839 767 2924 institutas,
804 2836 892 2905 hinc
928 2837 1054 2926 itaque
1086 2836 1243 2925 primam

108 2970 326 3043 eruditionis
370 2974 525 3066 alicujus
559 2973 679 3042 lucem
716 2972 756 3040 iu
800 2972 982 3062 reliquam
1025 2969 1243 3038 Bohemiam

106 3117 350 3199 propagatam
374 3109 486 3180 fnisse
513 3107 697 3177 adsertum
733 3128 790 3192 eo,
817 3114 927 3175 utne
952 3105 994 3175 id
1019 3104 1245 3173 ambitiosius

111 3249 172 3309 aut
198 3245 339 3334 gratiae
360 3244 552 3340 cujusdam
572 3240 810 3333 occupandae
837 3260 947 3311 cansa
967 3240 1099 3310 fecisse
1120 3240 1246 3308 existi-

109 3395 202 3446 mer.
251 3376 421 3450 Utilitate
440 3383 535 3479 ‘ipsa
567 3378 623 3447 rei
660 3377 815 3471 alicujus
850 3376 1041 3469 praeclare
1075 3377 1246 3444 inventae

111 3520 175 3579 aut
202 3514 389 3585 institutae
414 3524 592 3608 spectata,
621 3512 716 3582 nihil
739 3513 908 3605 profecto
935 3521 997 3580 aut
1031 3534 1162 3603 parum
1186 3530 1245 3576 re·

110 3642 196 3731 fert,
225 3672 412 3739 quaerere,
436 3651 476 3720 in
501 3675 575 3743 qna
600 3650 713 3737 orbis,
749 3647 885 3719 nedum
918 3647 1019 3717 urbis
1055 3643 1246 3738 cujusdam

111 3789 219 3870 parte
243 3785 309 3852 illa
334 3788 435 3880 prius
460 3808 529 3856 usu
554 3786 707 3872 venerit,
736 3805 778 3853 ac
797 3792 952 3877 possunt
979 3790 1015 3852 et
1044 3782 1156 3852 serius
1177 3778 1246 3846 ali-

113 3915 199 3985 cubi
227 3922 426 3992 constituta
452 3921 611 4013 antiquis
637 3921 836 3989 illustriora
863 3923 1029 4007 existere,
1056 3936 1126 3985 neo
1147 3913 1245 3983 enim

108 4050 502 4131 innocentiorem
537 4057 657 4128 omnia
690 4055 813 4146 potita
847 4066 941 4128 sunt.
992 4053 1069 4125 Sed
1104 4047 1246 4121 mibie
