2662 4456
54 331 178 425 patria
207 328 368 422 op'ti'rnae
395 324 475 417 spei
506 321 700 416 juventute
727 329 893 392 exortum
919 332 995 417 est,
1035 334 1073 399 et
1097 330 1196 400 ultra

55 455 191 526 150000
214 451 374 520 florenos
395 446 593 516 rhenenses
618 463 718 514 nunc
744 444 917 513 excrevit.

148 576 293 646 Multae
310 572 477 644 incidere
488 578 644 665 possunt
657 569 782 659 justae
802 588 948 657 causae,
967 568 1015 639 ob
1029 592 1117 661 quas
1130 597 1199 666 pa.

58 702 197 784 rentes,
216 696 362 767 tametsi
384 693 529 764 scholas
545 689 716 783 publicas
728 691 789 758 vel
803 691 958 760 maxime
967 695 1137 783 probent,
1163 705 1199 764 et

58 816 113 887 de
126 840 247 888 earam
259 839 399 890 summa
412 815 575 884 utilitate
589 821 625 881 et
638 812 857 882 necessitate
870 814 944 882 illis
957 817 1105 905 penitus
1117 838 1200 906 per-

56 952 200 1013 suasum
219 945 279 1031 sit,
299 941 540 1011 nihilominus
559 959 629 1030 pro
644 938 819 1030 singulari
832 939 1032 1009 liberorum
1054 954 1201 1009 suorum

55 1063 197 1153 indole,
217 1072 261 1134 ut
277 1064 392 1157 prisci
406 1062 557 1153 qnidam
567 1061 722 1130 Romani
733 1069 828 1143 teste
843 1061 1086 1149 Quintiliano,
1112 1084 1201 1131 con·

10 1238 13 1273 ,
55 1189 190 1258 anitius
214 1186 370 1274 ducunt,
394 1209 456 1256 eos
480 1207 554 1254 non
574 1185 677 1254 illico
690 1185 919 1275 frequentiae
936 1187 1081 1255 illarum
1101 1208 1201 1254 corn-

55 1312 231 1396 mittere;
268 1319 429 1380 attamen
468 1309 618 1392 eosdem
654 1309 702 1377 ad
743 1312 867 1379 munia
898 1310 1053 1403 publica
1089 1333 1204 1400 quon·

57 1433 147 1502 dam
182 1431 354 1503 obeunda
380 1432 535 1502 idoneos
556 1430 664 1500 reddi
695 1439 882 1523 exoptant.
932 1429 1109 1501 Firmavit
1134 1434 1204 1501 ita-

59 1578 133 1648 que
156 1555 376 1648 justissimus
404 1556 584 1648 Princeps
603 1555 754 1624 decreto
773 1554 807 1625 5.
832 1555 1046 1625 Decembris
1063 1541 1209 1631 ttss‘id

58 1681 273 1774 parentibus
293 1705 315 1751 a
333 1691 465 1752 natura
491 1675 698 1773 injunctum
727 1679 954 1749 educationis
980 1705 1130 1768 munus,
1165 1692 1206 1750 ut

58 1800 127 1869 filii
162 1822 295 1894 nempe
331 1823 458 1871 eorum
490 1801 588 1870 inter
616 1800 838 1869 domesticos
874 1801 1020 1898 omnino
1045 1803 1204 1894 parietes

59 1922 179 1994 literis
204 1946 355 2017 operam
382 1924 484 2013 dare,
509 1934 640 2018 postea
661 1933 784 1993 tamen
810 1928 1011 1997 testimonii
1037 1925 1206 1996 obtinen-

60 2046 102 2117 di
130 2068 241 2119 cauta
264 2050 417 2143 publico
443 2073 482 2119 se
505 2050 700 2118 tentamini
726 2049 905 2142 subjicere
930 2053 1086 2142 possint.

156 2167 369 2263 Singularis
383 2180 458 2239 tam
473 2170 725 2258 humanitatis,
754 2193 861 2261 quam
875 2173 990 2241 civilis
1004 2174 1206 2264 sapientiae

63 2288 274 2380 dictamine,
290 2293 375 2385 lege
385 2292 440 2363 14.
451 2292 666 2361 Decembris
676 2294 761 2362 1782
771 2292 859 2380 lata,
882 2295 1085 2383 constituit,
1100 2305 1140 2364 ut
1150 2295 1203 2362 ls-

60 2416 252 2530 raeliticae
280 2437 428 2507 quoque
449 2415 637 2508 juventuti
663 2418 853 2509 gymnasia
874 2427 1007 2489 'nostra
1043 2427 1208 2510 pateant,

63 2562 162 2631 quae
180 2538 281 2626 inde,
309 2540 504 2610 amandato
532 2542 631 2611 omni
651 2540 850 2609 inhumano
878 2542 1024 2630 odio,
1012 2566 1052 2610 m
1070 2534 1209 2610 scholis

12 2663 198 2743 nostris
224 2665 353 2735 eadem
377 2665 606 2736 humanitate
626 2686 669 2735 ac
696 2665 966 2752 benevolentia,
997 2689 1069 2756 qua
1086 2675 1210 2737 nostra

12 2806 17 2867 ι
58 2781 246 2881 juventus,
272 2782 443 2857 habetur.
493 2785 597 2856 Haec
624 2784 812 2879 Augustus
837 2787 902 2856 ille
929 2784 1077 2875 Caesar,
1103 2788 1207 2882 cujus

13 2888 18 3009 ᾖ
63 2911 239 2980 memoria
274 2910 323 2981 ob
357 2911 549 3006 praeclare
585 2911 650 2983 ad
678 2912 832 2982 salntem
864 2910 1053 2981 hominum
1089 2914 1206 2982 omnis

15 3022 18 3027 ’
61 3031 208 3122 generis
245 3031 292 3103 ab
330 3052 374 3103 eo·
408 3035 596 3120 instituta,
643 3034 743 3126 apud
778 3058 923 3104 omnem
953 3035 1207 3129 posteritatem

65 3153 181 3222 amori
206 3161 244 3221 et
269 3163 398 3246 gratae
409 3184 420 3201 -·
428 3152 662 3227 admirationi
689 3155 772 3223 erit.

159 3273 294 3347 Caesar
327 3280 516 3373 Augustus
549 3279 763 3371 Leopoldus
795 3279 844 3354 11.
874 3279 1024 3350 decreto
1049 3286 1106 3351 8⁷⁰
1133 3257 1208 3346 'Fe-

62 3396 205 3471 bruarii
226 3403 309 3474 1791
330 3404 446 3493 editu,
474 3414 608 3478 cuncta
623 3406 834 3497 complexus
851 3416 919 3493 est,
943 3430 1034 3496 quae
1055 3406 1100 3473 ad
1121 3379 1207 3495 pross

65 3519 274 3592 vehendam
306 3526 414 3596 altius
451 3526 654 3595 studiorum
690 3535 726 3594 et
759 3527 999 3596 institutionis
1035 3526 1208 3616 publicae

63 3648 246 3719 rationem
267 3672 289 3720 a
306 3650 395 3719 viris
411 3651 684 3743 sapientissimis
701 3652 819 3742 optari
835 3664 991 3743 queant3
1020 3651 1085 3718 sed
1112 3675 1208 3727 mors

62 3787 139 3837 non
165 3771 306 3842 meritis
334 3772 483 3863 quidem
501 3783 538 3843 et
563 3775 705 3868 gloriae
731 3774 823 3867 ejus,
862 3784 900 3844 at
925 3775 1019 3844 votis
1047 3778 1207 3844 omnium

62 3903 300 3983 praematura
335 3897 469 3987 eripuit
495 3898 654 3989 Imperio
693 3908 729 3968 et
753 3901 878 3992 regnis
904 3901 1133 3991 Principem,
1169 3898 1208 3964 in

63 4037 141 4105 quo
164 4019 297 4109 populi
332 4019 670 4094 clementiam.'1'iti
699 4025 769 4094 sibi
796 4024 980 4096 redditam
1015 4023 1207 4103 viderunt,

62 4146 101 4207 et
122 4139 242 4235 cujus,
264 4140 609 4240 MagnisHetruriae
631 4150 749 4226 Ducis
770 4151 907 4239 adime,
933 4144 1148 4241 sapientiam
1167 4143 1208 4214 in
