<?xml version="1.0" encoding="UTF-8"?>
<!DOCTYPE html PUBLIC "-//W3C//DTD XHTML 1.0 Transitional//EN"
    "http://www.w3.org/TR/xhtml1/DTD/xhtml1-transitional.dtd">
<html xmlns="http://www.w3.org/1999/xhtml" xml:lang="en" lang="en">
 <head>
  <title>
</title>
<meta http-equiv="Content-Type" content="text/html;charset=utf-8" />
  <meta name='ocr-system' content='tesseract 3.04.00' />
  <meta name='ocr-capabilities' content='ocr_page ocr_carea ocr_par ocr_line ocrx_word'/>
</head>
<body>
  <div class='ocr_page' id='page_1' title='image "./analectahistori00kaubgoog_0018.png"; bbox 0 0 2662 4456; ppageno 0'>
   <div class='ocr_carea' id='block_1_1' title="bbox 1144 111 1190 185">
    <p class='ocr_par' dir='ltr' id='par_1_1' title="bbox 1144 111 1190 185">
     <span class='ocr_line' id='line_1_1' title="bbox 1144 111 1190 185; baseline 0 0"><span class='ocrx_word' id='word_1_1' title='bbox 1144 111 1190 185; x_wconf 82' lang='lat'>11</span> 
     </span>
    </p>
   </div>
   <div class='ocr_carea' id='block_1_2' title="bbox 49 294 1323 4030">
    <p class='ocr_par' dir='ltr' id='par_1_2' title="bbox 49 294 1201 1840">
     <span class='ocr_line' id='line_1_2' title="bbox 49 294 1189 391; baseline 0.004 -23"><span class='ocrx_word' id='word_1_2' title='bbox 49 296 211 390; x_wconf 80' lang='lat' dir='ltr'><strong>Scripsit</strong></span> <span class='ocrx_word' id='word_1_3' title='bbox 245 298 342 367; x_wconf 90' lang='lat' dir='ltr'>enim</span> <span class='ocrx_word' id='word_1_4' title='bbox 375 294 616 366; x_wconf 78' lang='lat' dir='ltr'>continuator</span> <span class='ocrx_word' id='word_1_5' title='bbox 648 295 746 366; x_wconf 87' lang='lat' dir='ltr'>linea</span> <span class='ocrx_word' id='word_1_6' title='bbox 785 317 859 368; x_wconf 88' lang='lat' dir='ltr'>nna</span> <span class='ocrx_word' id='word_1_7' title='bbox 892 299 1019 391; x_wconf 88' lang='lat' dir='ltr'>prlus;</span> <span class='ocrx_word' id='word_1_8' title='bbox 1070 298 1189 387; x_wconf 84' lang='lat' dir='ltr'>„Rex</span> 
     </span>
     <span class='ocr_line' id='line_1_3' title="bbox 50 417 1192 512; baseline 0.005 -25"><span class='ocrx_word' id='word_1_9' title='bbox 50 418 289 488; x_wconf 78' lang='lat' dir='ltr'><strong>wenceslaus</strong></span> <span class='ocrx_word' id='word_1_10' title='bbox 316 419 362 487; x_wconf 94' lang='lat' dir='ltr'>de</span> <span class='ocrx_word' id='word_1_11' title='bbox 387 419 479 488; x_wconf 89' lang='lat' dir='ltr'>solio</span> <span class='ocrx_word' id='word_1_12' title='bbox 504 418 695 512; x_wconf 84' lang='lat' dir='ltr'>pellitur.“</span> <span class='ocrx_word' id='word_1_13' title='bbox 745 417 845 489; x_wconf 88' lang='lat' dir='ltr'>Hinc</span> <span class='ocrx_word' id='word_1_14' title='bbox 868 428 972 511; x_wconf 90' lang='lat' dir='ltr'>patet</span> <span class='ocrx_word' id='word_1_15' title='bbox 991 441 1087 491; x_wconf 87' lang='lat' dir='ltr'>anno</span> <span class='ocrx_word' id='word_1_16' title='bbox 1104 423 1192 493; x_wconf 82' lang='lat'><strong>1248</strong></span> 
     </span>
     <span class='ocr_line' id='line_1_4' title="bbox 52 539 1191 632; baseline 0.004 -25"><span class='ocrx_word' id='word_1_17' title='bbox 52 539 199 630; x_wconf 82' lang='lat' dir='ltr'>Pragae</span> <span class='ocrx_word' id='word_1_18' title='bbox 225 539 393 627; x_wconf 90' lang='lat' dir='ltr'>studium,</span> <span class='ocrx_word' id='word_1_19' title='bbox 429 564 503 632; x_wconf 91' lang='lat' dir='ltr'>quo</span> <span class='ocrx_word' id='word_1_20' title='bbox 529 542 676 610; x_wconf 90' lang='lat' dir='ltr'>nomine</span> <span class='ocrx_word' id='word_1_21' title='bbox 702 542 831 632; x_wconf 87' lang='lat' dir='ltr'>utique</span> <span class='ocrx_word' id='word_1_22' title='bbox 857 540 973 609; x_wconf 86' lang='lat' dir='ltr'>latina</span> <span class='ocrx_word' id='word_1_23' title='bbox 996 544 1191 613; x_wconf 86' lang='lat' dir='ltr'>solummo-</span> 
     </span>
     <span class='ocr_line' id='line_1_5' title="bbox 55 654 1191 753; baseline 0.005 -26"><span class='ocrx_word' id='word_1_24' title='bbox 55 659 108 728; x_wconf 92' lang='lat' dir='ltr'>do</span> <span class='ocrx_word' id='word_1_25' title='bbox 136 654 258 729; x_wconf 88' lang='lat' dir='ltr'>studia</span> <span class='ocrx_word' id='word_1_26' title='bbox 281 663 440 753; x_wconf 80' lang='lat' dir='ltr'>intelligi</span> <span class='ocrx_word' id='word_1_27' title='bbox 459 671 631 752; x_wconf 85' lang='lat' dir='ltr'>possunt,</span> <span class='ocrx_word' id='word_1_28' title='bbox 665 661 818 730; x_wconf 84' lang='lat' dir='ltr'>indubie</span> <span class='ocrx_word' id='word_1_29' title='bbox 846 662 1026 751; x_wconf 82' lang='lat' dir='ltr'>extitisse,</span> <span class='ocrx_word' id='word_1_30' title='bbox 1074 684 1118 733; x_wconf 88' lang='lat' dir='ltr'>ae</span> <span class='ocrx_word' id='word_1_31' title='bbox 1143 665 1191 733; x_wconf 85' lang='lat' dir='ltr'>si-</span> 
     </span>
     <span class='ocr_line' id='line_1_6' title="bbox 51 782 1191 874; baseline 0.004 -25"><span class='ocrx_word' id='word_1_32' title='bbox 51 783 138 850; x_wconf 89' lang='lat' dir='ltr'>mul</span> <span class='ocrx_word' id='word_1_33' title='bbox 169 802 274 851; x_wconf 86' lang='lat' dir='ltr'>cansa</span> <span class='ocrx_word' id='word_1_34' title='bbox 306 785 499 853; x_wconf 82' lang='lat' dir='ltr'>manifesta</span> <span class='ocrx_word' id='word_1_35' title='bbox 531 783 708 874; x_wconf 80' lang='lat' dir='ltr'>adparet,</span> <span class='ocrx_word' id='word_1_36' title='bbox 746 782 794 851; x_wconf 90' lang='lat' dir='ltr'>ob</span> <span class='ocrx_word' id='word_1_37' title='bbox 822 807 931 874; x_wconf 89' lang='lat' dir='ltr'>qnam</span> <span class='ocrx_word' id='word_1_38' title='bbox 968 782 1089 853; x_wconf 87' lang='lat' dir='ltr'>studia</span> <span class='ocrx_word' id='word_1_39' title='bbox 1120 785 1191 854; x_wconf 80' lang='lat' dir='ltr'>iste</span> 
     </span>
     <span class='ocr_line' id='line_1_7' title="bbox 54 898 1193 994; baseline 0.003 -25"><span class='ocrx_word' id='word_1_40' title='bbox 54 904 180 994; x_wconf 85' lang='lat' dir='ltr'>perire</span> <span class='ocrx_word' id='word_1_41' title='bbox 201 898 264 972; x_wconf 68' lang='lat' dir='ltr'>ael</span> <span class='ocrx_word' id='word_1_42' title='bbox 291 904 469 990; x_wconf 72' lang='lat' dir='ltr'>omnibns,</span> <span class='ocrx_word' id='word_1_43' title='bbox 508 903 568 972; x_wconf 89' lang='lat' dir='ltr'>vel</span> <span class='ocrx_word' id='word_1_44' title='bbox 603 906 849 974; x_wconf 83' lang='lat' dir='ltr'>continuatori</span> <span class='ocrx_word' id='word_1_45' title='bbox 885 913 1008 975; x_wconf 84' lang='lat' dir='ltr'>nostro</span> <span class='ocrx_word' id='word_1_46' title='bbox 1045 904 1116 972; x_wconf 84' lang='lat' dir='ltr'>soli</span> <span class='ocrx_word' id='word_1_47' title='bbox 1141 905 1193 972; x_wconf 82' lang='lat' dir='ltr'>vi-</span> 
     </span>
     <span class='ocr_line' id='line_1_8' title="bbox 58 1021 1196 1117; baseline 0.003 -29"><span class='ocrx_word' id='word_1_48' title='bbox 58 1021 139 1090; x_wconf 88' lang='lat' dir='ltr'>deri</span> <span class='ocrx_word' id='word_1_49' title='bbox 163 1032 346 1114; x_wconf 89' lang='lat' dir='ltr'>poterant,</span> <span class='ocrx_word' id='word_1_50' title='bbox 372 1048 502 1117; x_wconf 81' lang='lat' dir='ltr'>nempe</span> <span class='ocrx_word' id='word_1_51' title='bbox 529 1027 576 1093; x_wconf 95' lang='lat' dir='ltr'>ob</span> <span class='ocrx_word' id='word_1_52' title='bbox 601 1026 819 1096; x_wconf 83' lang='lat' dir='ltr'>seditionem</span> <span class='ocrx_word' id='word_1_53' title='bbox 844 1035 881 1094; x_wconf 90' lang='lat' dir='ltr'>et</span> <span class='ocrx_word' id='word_1_54' title='bbox 906 1048 1006 1096; x_wconf 90' lang='lat' dir='ltr'>arma</span> <span class='ocrx_word' id='word_1_55' title='bbox 1024 1023 1196 1093; x_wconf 78' lang='lat' dir='ltr'>Piemisli</span> 
     </span>
     <span class='ocr_line' id='line_1_9' title="bbox 57 1139 1194 1238; baseline 0.001 -26"><span class='ocrx_word' id='word_1_56' title='bbox 57 1139 231 1213; x_wconf 85' lang='lat' dir='ltr'>Ottocari</span> <span class='ocrx_word' id='word_1_57' title='bbox 253 1145 421 1214; x_wconf 85' lang='lat' dir='ltr'>adversus</span> <span class='ocrx_word' id='word_1_58' title='bbox 446 1154 588 1238; x_wconf 87' lang='lat' dir='ltr'>patrem</span> <span class='ocrx_word' id='word_1_59' title='bbox 613 1147 868 1218; x_wconf 78' lang='lat' dir='ltr'>wenceslaum</span> <span class='ocrx_word' id='word_1_60' title='bbox 893 1148 1031 1217; x_wconf 88' lang='lat' dir='ltr'>nefarie</span> <span class='ocrx_word' id='word_1_61' title='bbox 1058 1153 1095 1215; x_wconf 90' lang='lat' dir='ltr'>et</span> <span class='ocrx_word' id='word_1_62' title='bbox 1124 1147 1194 1214; x_wconf 91' lang='lat' dir='ltr'>im-</span> 
     </span>
     <span class='ocr_line' id='line_1_10' title="bbox 54 1246 1198 1359; baseline 0.003 -29"><span class='ocrx_word' id='word_1_63' title='bbox 54 1264 123 1355; x_wconf 87' lang='lat' dir='ltr'>pie</span> <span class='ocrx_word' id='word_1_64' title='bbox 150 1272 261 1330; x_wconf 84' lang='lat' dir='ltr'>mota.</span> <span class='ocrx_word' id='word_1_65' title='bbox 309 1265 505 1333; x_wconf 86' lang='lat' dir='ltr'>Praeterea</span> <span class='ocrx_word' id='word_1_66' title='bbox 533 1269 644 1335; x_wconf 83' lang='lat' dir='ltr'>verba</span> <span class='ocrx_word' id='word_1_67' title='bbox 665 1267 935 1338; x_wconf 72' lang='lat' dir='ltr'>continuatoris</span> <span class='ocrx_word' id='word_1_68' title='bbox 958 1270 1039 1359; x_wconf 89' lang='lat' dir='ltr'>ipsa</span> <span class='ocrx_word' id='word_1_69' title='bbox 1068 1246 1198 1358; x_wconf 80' lang='lat' dir='ltr'>aperte</span> 
     </span>
     <span class='ocr_line' id='line_1_11' title="bbox 56 1382 1200 1482; baseline 0.003 -30"><span class='ocrx_word' id='word_1_70' title='bbox 56 1382 280 1472; x_wconf 86' lang='lat' dir='ltr'>ostendunt,</span> <span class='ocrx_word' id='word_1_71' title='bbox 316 1383 421 1453; x_wconf 89' lang='lat' dir='ltr'>illum</span> <span class='ocrx_word' id='word_1_72' title='bbox 448 1408 678 1477; x_wconf 89' lang='lat' dir='ltr'>nequaquam</span> <span class='ocrx_word' id='word_1_73' title='bbox 709 1389 756 1456; x_wconf 90' lang='lat' dir='ltr'>de</span> <span class='ocrx_word' id='word_1_74' title='bbox 782 1389 864 1478; x_wconf 89' lang='lat' dir='ltr'>ipso</span> <span class='ocrx_word' id='word_1_75' title='bbox 888 1389 967 1482; x_wconf 86' lang='lat' dir='ltr'>jam</span> <span class='ocrx_word' id='word_1_76' title='bbox 997 1386 1200 1456; x_wconf 88' lang='lat' dir='ltr'>studiorum</span> 
     </span>
     <span class='ocr_line' id='line_1_12' title="bbox 56 1506 1201 1597; baseline 0.003 -24"><span class='ocrx_word' id='word_1_77' title='bbox 56 1506 213 1574; x_wconf 88' lang='lat' dir='ltr'>interitu</span> <span class='ocrx_word' id='word_1_78' title='bbox 239 1513 395 1594; x_wconf 87' lang='lat' dir='ltr'>sequnto</span> <span class='ocrx_word' id='word_1_79' title='bbox 431 1507 632 1597; x_wconf 84' lang='lat' dir='ltr'>cogitasse3</span> <span class='ocrx_word' id='word_1_80' title='bbox 669 1509 864 1576; x_wconf 91' lang='lat' dir='ltr'>nonenim</span> <span class='ocrx_word' id='word_1_81' title='bbox 891 1507 1006 1595; x_wconf 86' lang='lat' dir='ltr'>dixit,</span> <span class='ocrx_word' id='word_1_82' title='bbox 1040 1506 1201 1576; x_wconf 88' lang='lat' dir='ltr'>studium</span> 
     </span>
     <span class='ocr_line' id='line_1_13' title="bbox 60 1625 1200 1722; baseline 0.004 -28"><span class='ocrx_word' id='word_1_83' title='bbox 60 1628 190 1719; x_wconf 86' lang='lat' dir='ltr'>periit,</span> <span class='ocrx_word' id='word_1_84' title='bbox 217 1625 284 1695; x_wconf 85' lang='lat' dir='ltr'>sed</span> <span class='ocrx_word' id='word_1_85' title='bbox 311 1626 487 1716; x_wconf 86' lang='lat' dir='ltr'>„perit“,</span> <span class='ocrx_word' id='word_1_86' title='bbox 515 1630 557 1697; x_wconf 93' lang='lat' dir='ltr'>id</span> <span class='ocrx_word' id='word_1_87' title='bbox 585 1638 651 1715; x_wconf 88' lang='lat' dir='ltr'>est,</span> <span class='ocrx_word' id='word_1_88' title='bbox 677 1631 798 1721; x_wconf 87' lang='lat' dir='ltr'>perire</span> <span class='ocrx_word' id='word_1_89' title='bbox 817 1631 969 1722; x_wconf 87' lang='lat' dir='ltr'>incipit,</span> <span class='ocrx_word' id='word_1_90' title='bbox 993 1627 1117 1722; x_wconf 83' lang='lat' dir='ltr'>perire</span> <span class='ocrx_word' id='word_1_91' title='bbox 1146 1629 1200 1698; x_wconf 82' lang='lat' dir='ltr'>vi·</span> 
     </span>
     <span class='ocr_line' id='line_1_14' title="bbox 61 1748 839 1840; baseline -0.001 -23"><span class='ocrx_word' id='word_1_92' title='bbox 61 1748 185 1835; x_wconf 89' lang='lat' dir='ltr'>detur,</span> <span class='ocrx_word' id='word_1_93' title='bbox 212 1754 274 1817; x_wconf 90' lang='lat' dir='ltr'>aut</span> <span class='ocrx_word' id='word_1_94' title='bbox 298 1749 421 1839; x_wconf 87' lang='lat' dir='ltr'>perire</span> <span class='ocrx_word' id='word_1_95' title='bbox 445 1757 579 1840; x_wconf 87' lang='lat' dir='ltr'>potest.</span> <span class='ocrx_word' id='word_1_96' title='bbox 836 1754 839 1760; x_wconf 81' lang='grc'><em>“</em></span> 
     </span>
    </p>

    <p class='ocr_par' dir='ltr' id='par_1_3' title="bbox 58 1866 1207 3033">
     <span class='ocr_line' id='line_1_15' title="bbox 159 1866 1198 1962; baseline 0 -26"><span class='ocrx_word' id='word_1_97' title='bbox 159 1866 329 1936; x_wconf 86' lang='lat' dir='ltr'>Ceterum</span> <span class='ocrx_word' id='word_1_98' title='bbox 354 1868 456 1938; x_wconf 89' lang='lat' dir='ltr'>locus</span> <span class='ocrx_word' id='word_1_99' title='bbox 481 1868 544 1938; x_wconf 93' lang='lat' dir='ltr'>hic</span> <span class='ocrx_word' id='word_1_100' title='bbox 569 1871 648 1962; x_wconf 90' lang='lat' dir='ltr'>ipso</span> <span class='ocrx_word' id='word_1_101' title='bbox 672 1869 869 1959; x_wconf 89' lang='lat' dir='ltr'>plurimum</span> <span class='ocrx_word' id='word_1_102' title='bbox 895 1869 1009 1939; x_wconf 90' lang='lat' dir='ltr'>habet</span> <span class='ocrx_word' id='word_1_103' title='bbox 1034 1891 1198 1940; x_wconf 84' lang='lat' dir='ltr'>momen·</span> 
     </span>
     <span class='ocr_line' id='line_1_16' title="bbox 58 1988 1204 2085; baseline -0.003 -25"><span class='ocrx_word' id='word_1_104' title='bbox 58 1991 95 2061; x_wconf 87' lang='lat' dir='ltr'>ti</span> <span class='ocrx_word' id='word_1_105' title='bbox 123 1988 173 2057; x_wconf 87' lang='lat' dir='ltr'>ad</span> <span class='ocrx_word' id='word_1_106' title='bbox 197 1989 410 2058; x_wconf 89' lang='lat' dir='ltr'>sententiam</span> <span class='ocrx_word' id='word_1_107' title='bbox 435 1998 593 2060; x_wconf 88' lang='lat' dir='ltr'>nostram</span> <span class='ocrx_word' id='word_1_108' title='bbox 617 1991 872 2083; x_wconf 68' lang='lat' dir='ltr'>probandam</span> <span class='ocrx_word' id='word_1_109' title='bbox 898 1993 1088 2085; x_wconf 85' lang='lat' dir='ltr'>conjunxit</span> <span class='ocrx_word' id='word_1_110' title='bbox 1106 1993 1204 2061; x_wconf 90' lang='lat' dir='ltr'>enim</span> 
     </span>
     <span class='ocr_line' id='line_1_17' title="bbox 60 2103 1203 2199; baseline -0.002 -19"><span class='ocrx_word' id='word_1_111' title='bbox 60 2133 151 2180; x_wconf 88' lang='lat' dir='ltr'>eum</span> <span class='ocrx_word' id='word_1_112' title='bbox 176 2121 300 2181; x_wconf 85' lang='lat' dir='ltr'>auctor</span> <span class='ocrx_word' id='word_1_113' title='bbox 329 2111 527 2179; x_wconf 86' lang='lat' dir='ltr'>arctissime</span> <span class='ocrx_word' id='word_1_114' title='bbox 551 2103 595 2180; x_wconf 93' lang='lat' dir='ltr'>iis</span> <span class='ocrx_word' id='word_1_115' title='bbox 631 2112 737 2199; x_wconf 87' lang='lat' dir='ltr'>locis,</span> <span class='ocrx_word' id='word_1_116' title='bbox 774 2113 839 2182; x_wconf 94' lang='lat' dir='ltr'>ubi</span> <span class='ocrx_word' id='word_1_117' title='bbox 863 2117 1066 2183; x_wconf 88' lang='lat' dir='ltr'>tristissima</span> <span class='ocrx_word' id='word_1_118' title='bbox 1101 2113 1203 2182; x_wconf 85' lang='lat' dir='ltr'>illius</span> 
     </span>
     <span class='ocr_line' id='line_1_18' title="bbox 61 2230 1205 2324; baseline -0.002 -24"><span class='ocrx_word' id='word_1_119' title='bbox 61 2233 242 2324; x_wconf 85' lang='lat' dir='ltr'>temporis</span> <span class='ocrx_word' id='word_1_120' title='bbox 276 2234 351 2301; x_wconf 86' lang='lat' dir='ltr'>fata</span> <span class='ocrx_word' id='word_1_121' title='bbox 376 2230 579 2301; x_wconf 89' lang='lat' dir='ltr'>Bohemiae</span> <span class='ocrx_word' id='word_1_122' title='bbox 613 2242 885 2321; x_wconf 86' lang='lat' dir='ltr'>commemorat,</span> <span class='ocrx_word' id='word_1_123' title='bbox 912 2257 970 2304; x_wconf 86' lang='lat' dir='ltr'>res</span> <span class='ocrx_word' id='word_1_124' title='bbox 995 2230 1205 2303; x_wconf 82' lang='lat' dir='ltr'>wenceslai</span> 
     </span>
     <span class='ocr_line' id='line_1_19' title="bbox 63 2353 1206 2447; baseline -0.002 -26"><span class='ocrx_word' id='word_1_125' title='bbox 63 2356 166 2446; x_wconf 86' lang='lat' dir='ltr'>regis</span> <span class='ocrx_word' id='word_1_126' title='bbox 200 2376 269 2447; x_wconf 88' lang='lat' dir='ltr'>per</span> <span class='ocrx_word' id='word_1_127' title='bbox 296 2377 474 2425; x_wconf 86' lang='lat' dir='ltr'>summum</span> <span class='ocrx_word' id='word_1_128' title='bbox 499 2356 615 2424; x_wconf 86' lang='lat' dir='ltr'>scelus</span> <span class='ocrx_word' id='word_1_129' title='bbox 650 2353 836 2446; x_wconf 87' lang='lat' dir='ltr'>adflictas,</span> <span class='ocrx_word' id='word_1_130' title='bbox 880 2357 1022 2426; x_wconf 91' lang='lat' dir='ltr'>obitum</span> <span class='ocrx_word' id='word_1_131' title='bbox 1052 2354 1206 2445; x_wconf 86' lang='lat' dir='ltr'>reginae</span> 
     </span>
     <span class='ocr_line' id='line_1_20' title="bbox 66 2471 1204 2568; baseline -0.002 -26"><span class='ocrx_word' id='word_1_132' title='bbox 66 2471 319 2566; x_wconf 72' lang='lat' dir='ltr'>cunegundis,</span> <span class='ocrx_word' id='word_1_133' title='bbox 347 2486 383 2545; x_wconf 93' lang='lat' dir='ltr'>et</span> <span class='ocrx_word' id='word_1_134' title='bbox 408 2475 584 2543; x_wconf 84' lang='lat' dir='ltr'>incendia</span> <span class='ocrx_word' id='word_1_135' title='bbox 604 2477 748 2568; x_wconf 84' lang='lat' dir='ltr'>Pragae</span> <span class='ocrx_word' id='word_1_136' title='bbox 780 2497 824 2546; x_wconf 85' lang='lat' dir='ltr'>ac</span> <span class='ocrx_word' id='word_1_137' title='bbox 848 2500 917 2568; x_wconf 88' lang='lat' dir='ltr'>per</span> <span class='ocrx_word' id='word_1_138' title='bbox 940 2487 1056 2546; x_wconf 88' lang='lat' dir='ltr'>totam</span> <span class='ocrx_word' id='word_1_139' title='bbox 1080 2473 1204 2545; x_wconf 90' lang='lat' dir='ltr'>Bohe-</span> 
     </span>
     <span class='ocr_line' id='line_1_21' title="bbox 63 2595 1207 2685; baseline -0.003 -19"><span class='ocrx_word' id='word_1_140' title='bbox 63 2598 190 2666; x_wconf 87' lang='lat' dir='ltr'>miam.</span> <span class='ocrx_word' id='word_1_141' title='bbox 237 2598 337 2667; x_wconf 84' lang='lat' dir='ltr'>Hinc</span> <span class='ocrx_word' id='word_1_142' title='bbox 363 2597 514 2665; x_wconf 90' lang='lat' dir='ltr'>indubie</span> <span class='ocrx_word' id='word_1_143' title='bbox 539 2598 715 2685; x_wconf 87' lang='lat' dir='ltr'>sequitur,</span> <span class='ocrx_word' id='word_1_144' title='bbox 743 2618 910 2665; x_wconf 85' lang='lat' dir='ltr'>occasum</span> <span class='ocrx_word' id='word_1_145' title='bbox 934 2598 1040 2663; x_wconf 92' lang='lat' dir='ltr'>illum</span> <span class='ocrx_word' id='word_1_146' title='bbox 1066 2595 1207 2663; x_wconf 88' lang='lat' dir='ltr'>studio-</span> 
     </span>
     <span class='ocr_line' id='line_1_22' title="bbox 64 2713 1207 2810; baseline -0.006 -20"><span class='ocrx_word' id='word_1_147' title='bbox 64 2743 163 2807; x_wconf 85' lang='lat' dir='ltr'>rum,</span> <span class='ocrx_word' id='word_1_148' title='bbox 191 2719 351 2810; x_wconf 84' lang='lat' dir='ltr'>qnamvis</span> <span class='ocrx_word' id='word_1_149' title='bbox 378 2717 605 2787; x_wconf 85' lang='lat' dir='ltr'>solummodo</span> <span class='ocrx_word' id='word_1_150' title='bbox 632 2719 844 2808; x_wconf 85' lang='lat' dir='ltr'>opinatum,</span> <span class='ocrx_word' id='word_1_151' title='bbox 882 2714 982 2783; x_wconf 87' lang='lat' dir='ltr'>velut</span> <span class='ocrx_word' id='word_1_152' title='bbox 1021 2713 1207 2783; x_wconf 89' lang='lat' dir='ltr'>calamita·</span> 
     </span>
     <span class='ocr_line' id='line_1_23' title="bbox 65 2835 1207 2932; baseline -0.004 -22"><span class='ocrx_word' id='word_1_153' title='bbox 65 2851 143 2911; x_wconf 89' lang='lat' dir='ltr'>tem</span> <span class='ocrx_word' id='word_1_154' title='bbox 177 2843 337 2932; x_wconf 84' lang='lat' dir='ltr'>aliquam</span> <span class='ocrx_word' id='word_1_155' title='bbox 375 2839 562 2930; x_wconf 90' lang='lat' dir='ltr'>publicam</span> <span class='ocrx_word' id='word_1_156' title='bbox 596 2837 850 2928; x_wconf 85' lang='lat' dir='ltr'>deploratum,</span> <span class='ocrx_word' id='word_1_157' title='bbox 886 2844 923 2904; x_wconf 92' lang='lat' dir='ltr'>et</span> <span class='ocrx_word' id='word_1_158' title='bbox 948 2835 1089 2907; x_wconf 87' lang='lat' dir='ltr'>litteras</span> <span class='ocrx_word' id='word_1_159' title='bbox 1116 2846 1207 2906; x_wconf 85' lang='lat' dir='ltr'>tuno</span> 
     </span>
     <span class='ocr_line' id='line_1_24' title="bbox 67 2959 897 3033; baseline -0.001 0"><span class='ocrx_word' id='word_1_160' title='bbox 67 2967 111 3033; x_wconf 91' lang='lat' dir='ltr'>in</span> <span class='ocrx_word' id='word_1_161' title='bbox 134 2962 318 3032; x_wconf 88' lang='lat' dir='ltr'>Bohemia</span> <span class='ocrx_word' id='word_1_162' title='bbox 343 2983 415 3028; x_wconf 93' lang='lat' dir='ltr'>non</span> <span class='ocrx_word' id='word_1_163' title='bbox 440 2961 580 3028; x_wconf 90' lang='lat' dir='ltr'>minimi</span> <span class='ocrx_word' id='word_1_164' title='bbox 605 2959 749 3029; x_wconf 86' lang='lat' dir='ltr'>habitas</span> <span class='ocrx_word' id='word_1_165' title='bbox 776 2960 897 3033; x_wconf 82' lang='lat' dir='ltr'>fuisse.</span> 
     </span>
    </p>

    <p class='ocr_par' dir='ltr' id='par_1_4' title="bbox 68 3076 1323 4030">
     <span class='ocr_line' id='line_1_25' title="bbox 165 3076 1208 3178; baseline -0.005 -28"><span class='ocrx_word' id='word_1_166' title='bbox 165 3083 233 3152; x_wconf 91' lang='lat' dir='ltr'>Ill.</span> <span class='ocrx_word' id='word_1_167' title='bbox 246 3083 322 3152; x_wconf 84' lang='lat' dir='ltr'>Sed</span> <span class='ocrx_word' id='word_1_168' title='bbox 334 3085 545 3173; x_wconf 90' lang='lat' dir='ltr'>nentiquam</span> <span class='ocrx_word' id='word_1_169' title='bbox 560 3083 648 3149; x_wconf 84' lang='lat' dir='ltr'>illae</span> <span class='ocrx_word' id='word_1_170' title='bbox 659 3081 887 3178; x_wconf 84' lang='lat' dir='ltr'>interierunt,</span> <span class='ocrx_word' id='word_1_171' title='bbox 908 3081 981 3147; x_wconf 89' lang='lat' dir='ltr'>imo</span> <span class='ocrx_word' id='word_1_172' title='bbox 994 3088 1034 3147; x_wconf 91' lang='lat' dir='ltr'>ut</span> <span class='ocrx_word' id='word_1_173' title='bbox 1047 3102 1066 3147; x_wconf 93' lang='lat' dir='ltr'>e</span> <span class='ocrx_word' id='word_1_174' title='bbox 1080 3076 1208 3148; x_wconf 84' lang='lat' dir='ltr'>Conti-</span> 
     </span>
     <span class='ocr_line' id='line_1_26' title="bbox 68 3201 1210 3292; baseline -0.008 -18"><span class='ocrx_word' id='word_1_175' title='bbox 68 3214 226 3275; x_wconf 89' lang='lat' dir='ltr'>nuatore</span> <span class='ocrx_word' id='word_1_176' title='bbox 253 3202 406 3273; x_wconf 82' lang='lat' dir='ltr'>Cosmae</span> <span class='ocrx_word' id='word_1_177' title='bbox 433 3203 593 3272; x_wconf 86' lang='lat' dir='ltr'>secundo</span> <span class='ocrx_word' id='word_1_178' title='bbox 618 3223 703 3273; x_wconf 87' lang='lat' dir='ltr'>mox</span> <span class='ocrx_word' id='word_1_179' title='bbox 727 3203 892 3292; x_wconf 86' lang='lat' dir='ltr'>patebit,</span> <span class='ocrx_word' id='word_1_180' title='bbox 929 3221 1023 3268; x_wconf 93' lang='lat' dir='ltr'>anno</span> <span class='ocrx_word' id='word_1_181' title='bbox 1060 3201 1210 3267; x_wconf 88' lang='lat' dir='ltr'>circiter</span> 
     </span>
     <span class='ocr_line' id='line_1_27' title="bbox 68 3316 1207 3419; baseline -0.012 -22"><span class='ocrx_word' id='word_1_182' title='bbox 68 3329 160 3400; x_wconf 80' lang='lat'><strong>1260</strong></span> <span class='ocrx_word' id='word_1_183' title='bbox 185 3326 307 3396; x_wconf 89' lang='lat' dir='ltr'>adhuc</span> <span class='ocrx_word' id='word_1_184' title='bbox 340 3327 455 3419; x_wconf 79' lang='lat' dir='ltr'>magis</span> <span class='ocrx_word' id='word_1_185' title='bbox 481 3330 671 3416; x_wconf 86' lang='lat' dir='ltr'>promotae</span> <span class='ocrx_word' id='word_1_186' title='bbox 706 3331 802 3391; x_wconf 90' lang='lat' dir='ltr'>sunt.</span> <span class='ocrx_word' id='word_1_187' title='bbox 853 3318 944 3391; x_wconf 89' lang='lat' dir='ltr'>Nam</span> <span class='ocrx_word' id='word_1_188' title='bbox 980 3316 1207 3394; x_wconf 85' lang='lat' dir='ltr'>continuatio</span> 
     </span>
     <span class='ocr_line' id='line_1_28' title="bbox 69 3434 1209 3539; baseline -0.011 -22"><span class='ocrx_word' id='word_1_189' title='bbox 69 3447 184 3539; x_wconf 89' lang='lat' dir='ltr'>haec,</span> <span class='ocrx_word' id='word_1_190' title='bbox 209 3449 339 3518; x_wconf 88' lang='lat' dir='ltr'>itidem</span> <span class='ocrx_word' id='word_1_191' title='bbox 372 3470 394 3515; x_wconf 87' lang='lat' dir='ltr'>a</span> <span class='ocrx_word' id='word_1_192' title='bbox 428 3443 615 3514; x_wconf 88' lang='lat' dir='ltr'>Canonico</span> <span class='ocrx_word' id='word_1_193' title='bbox 650 3446 840 3534; x_wconf 79' lang='lat' dir='ltr'>Progensl,</span> <span class='ocrx_word' id='word_1_194' title='bbox 868 3441 1030 3534; x_wconf 85' lang='lat' dir='ltr'>quamvis</span> <span class='ocrx_word' id='word_1_195' title='bbox 1068 3445 1104 3503; x_wconf 95' lang='lat' dir='ltr'>et</span> <span class='ocrx_word' id='word_1_196' title='bbox 1133 3434 1209 3504; x_wconf 92' lang='lat' dir='ltr'>hoo</span> 
     </span>
     <span class='ocr_line' id='line_1_29' title="bbox 71 3548 1323 3662; baseline -0.013 -24"><span class='ocrx_word' id='word_1_197' title='bbox 71 3593 256 3662; x_wconf 81' lang='lat' dir='ltr'>anonymo</span> <span class='ocrx_word' id='word_1_198' title='bbox 280 3570 459 3662; x_wconf 86' lang='lat' dir='ltr'>profecta,</span> <span class='ocrx_word' id='word_1_199' title='bbox 487 3568 580 3637; x_wconf 85' lang='lat' dir='ltr'>haec</span> <span class='ocrx_word' id='word_1_200' title='bbox 608 3564 657 3633; x_wconf 85' lang='lat' dir='ltr'>ad</span> <span class='ocrx_word' id='word_1_201' title='bbox 682 3588 815 3635; x_wconf 91' lang='lat' dir='ltr'>annum</span> <span class='ocrx_word' id='word_1_202' title='bbox 849 3566 933 3637; x_wconf 85' lang='lat'><strong>1271</strong></span> <span class='ocrx_word' id='word_1_203' title='bbox 958 3559 1091 3630; x_wconf 82' lang='lat' dir='ltr'>habeta</span> <span class='ocrx_word' id='word_1_204' title='bbox 1145 3553 1209 3624; x_wconf 59' lang='lat' dir='ltr'>Vis</span> <span class='ocrx_word' id='word_1_205' title='bbox 1319 3548 1323 3553; x_wconf 67' lang='grc'><strong>’</strong></span> 
     </span>
     <span class='ocr_line' id='line_1_30' title="bbox 69 3681 1209 3783; baseline -0.014 -22"><span class='ocrx_word' id='word_1_206' title='bbox 69 3701 155 3761; x_wconf 82' lang='lat' dir='ltr'>tum</span> <span class='ocrx_word' id='word_1_207' title='bbox 190 3716 343 3783; x_wconf 86' lang='lat' dir='ltr'>nempe,</span> <span class='ocrx_word' id='word_1_208' title='bbox 387 3692 574 3761; x_wconf 88' lang='lat' dir='ltr'>Decanum</span> <span class='ocrx_word' id='word_1_209' title='bbox 599 3687 758 3775; x_wconf 90' lang='lat' dir='ltr'>ibidem,</span> <span class='ocrx_word' id='word_1_210' title='bbox 808 3687 871 3778; x_wconf 91' lang='lat' dir='ltr'>qui</span> <span class='ocrx_word' id='word_1_211' title='bbox 907 3690 1028 3751; x_wconf 86' lang='lat' dir='ltr'>autem</span> <span class='ocrx_word' id='word_1_212' title='bbox 1055 3699 1099 3748; x_wconf 87' lang='lat' dir='ltr'>eo</span> <span class='ocrx_word' id='word_1_213' title='bbox 1125 3681 1209 3770; x_wconf 90' lang='lat' dir='ltr'>ipso</span> 
     </span>
     <span class='ocr_line' id='line_1_31' title="bbox 70 3802 1210 3908; baseline -0.013 -25"><span class='ocrx_word' id='word_1_214' title='bbox 70 3835 172 3883; x_wconf 76' lang='lat' dir='ltr'>anno</span> <span class='ocrx_word' id='word_1_215' title='bbox 194 3815 272 3908; x_wconf 85' lang='lat' dir='ltr'>jam</span> <span class='ocrx_word' id='word_1_216' title='bbox 298 3815 450 3900; x_wconf 86' lang='lat' dir='ltr'>obierat,</span> <span class='ocrx_word' id='word_1_217' title='bbox 484 3809 727 3880; x_wconf 88' lang='lat' dir='ltr'>beneficentia</span> <span class='ocrx_word' id='word_1_218' title='bbox 754 3817 790 3880; x_wconf 90' lang='lat' dir='ltr'>et</span> <span class='ocrx_word' id='word_1_219' title='bbox 820 3804 918 3878; x_wconf 89' lang='lat' dir='ltr'>omni</span> <span class='ocrx_word' id='word_1_220' title='bbox 944 3802 1118 3874; x_wconf 84' lang='lat' dir='ltr'>virtutum</span> <span class='ocrx_word' id='word_1_221' title='bbox 1144 3823 1210 3894; x_wconf 81' lang='lat' dir='ltr'>ge·</span> 
     </span>
     <span class='ocr_line' id='line_1_32' title="bbox 70 3935 730 4030; baseline -0.011 -25"><span class='ocrx_word' id='word_1_222' title='bbox 70 3949 167 4005; x_wconf 81' lang='lat' dir='ltr'>nere</span> <span class='ocrx_word' id='word_1_223' title='bbox 191 3959 282 4030; x_wconf 85' lang='lat' dir='ltr'>prae</span> <span class='ocrx_word' id='word_1_224' title='bbox 307 3937 438 4006; x_wconf 86' lang='lat' dir='ltr'>ceteris</span> <span class='ocrx_word' id='word_1_225' title='bbox 467 3935 730 4029; x_wconf 86' lang='lat' dir='ltr'>conspicuum:</span> 
     </span>
    </p>
   </div>
   <div class='ocr_carea' id='block_1_3' title="bbox 0 0 1362 4456">
    <p class='ocr_par' dir='ltr' id='par_1_5' title="bbox 0 0 1362 4456">
     <span class='ocr_line' id='line_1_33' title="bbox 0 0 1362 4456; baseline 0 0"><span class='ocrx_word' id='word_1_226' title='bbox 0 0 1362 4456; x_wconf 95' lang='lat' dir='ltr'> </span> 
     </span>
    </p>
   </div>
  </div>
 </body>
</html>
