2662 4456
140 306 476 390 exercita-fuerint.
526 306 582 386 Ea
620 313 716 385 onim
749 321 805 386 est
841 322 877 386 et
912 338 1055 414 semper
1080 319 1151 394 fuit
1186 324 1279 396 cleri

136 438 295 510 Bche'mi
319 438 455 522 virtus,
489 413 532 506 it
566 438 598 506 is
628 436 814 530 juventuti
850 439 898 509 ad
929 430 1047 514 bonas
1084 447 1211 516 literas
1240 457 1279 517 et

137 554 315 656 pietatem
351 554 573 626 erudiendae
613 581 764 650 operam
807 584 908 631 snam
950 566 1077 652 quovis
1112 576 1280 660 tempore

25 696 28 701 ’
137 683 239 754 ultro
265 674 533 771 impenderet,¹
553 688 591 748 et
618 679 657 749 in
691 680 765 752 boc
798 689 874 752 tam
908 682 1088 755 laudabili
1122 688 1279 758 consilio

140 801 412 877 omnisatione
436 800 648 870 eniteretur.

79 959 84 964 -
195 910 199 919 ⁶
232 922 341 994 Nefas
368 929 490 990 autem
515 933 696 1014 putarem,
724 946 798 994 non
817 926 1024 998 meminisse
1042 926 1107 997 hic
1131 927 1281 1000 Bohns·

136 1042 190 1115 lai
215 1044 261 1113 ab
287 1042 539 1130 Hassenstein,
566 1042 611 1112 L.
637 1043 682 1114 B.
710 1042 757 1112 de
783 1045 1012 1136 Loblrowitz‚
1051 1050 1121 1119 viri
1148 1058 1185 1117 et
1211 1072 1279 1121 ua·

137 1166 267 1234 talium
303 1160 523 1256 splendore,
568 1171 605 1230 et
639 1162 813 1257 ingenio,
852 1188 895 1237 ac
931 1171 1029 1241 omni
1062 1168 1206 1240 virtutis
1241 1176 1280 1238 et

136 1284 327 1355 doctrinae
353 1306 487 1377 genere
515 1282 728 1373 clarissimi,
778 1288 841 1378 qui
874 1311 970 1361 anno
1006 1289 1157 1361 circiter
1191 1289 1280 1359 1500

137 1414 178 1476 et
203 1400 441 1496 sequentibus
467 1426 560 1474 unns
597 1425 679 1474 cum
711 1408 782 1475 toti
805 1406 1028 1499 Bobemiae‚
1065 1421 1144 1481 tum
1179 1418 1282 1479 certe

134 1526 279 1618 Pragae
304 1525 442 1595 Minori
477 1526 685 1618 palaestrae
720 1527 913 1619 cujusdam
948 1533 1131 1602 literariae
1164 1530 1282 1629 instar

134 1646 226 1735 fuit,
263 1657 300 1716 et
325 1646 566 1740 popularibus
592 1648 665 1716 suis
703 1651 893 1740 exemplo,
929 1651 1049 1721 studia
1086 1651 1277 1721 literarum

135 1768 325 1841 sanissima
348 1768 493 1836 ratione
518 1766 716 1852 tractandi,
754 1775 791 1834 et
817 1764 1002 1839 ardentius
1029 1770 1281 1863 amplectendi

134 1889 341 1983 praeluxit,
370 1889 414 1958 ab
441 1886 626 1977 indigenis
654 1895 691 1954 et
717 1890 851 1958 exteris
864 1890 950 1984 jure
969 1892 1202 1962 meritissimo
1221 1890 1280 1962 di-

136 2007 308 2079 laudatns
334 2017 373 2077 et
399 2005 633 2077 admirationi
659 2005 821 2079 habitus.

230 2127 316 2198 dam
341 2130 390 2200 ad
416 2129 576 2219 aliquam
611 2129 782 2197 notitiam
817 2130 1059 2202 institutionis
1094 2132 1278 2223 gymnasii

136 2236 255 2322 nostri
292 2248 547 2343 exponendam
582 2248 813 2320 accedamus.
876 2252 1121 2344 Deprometur
1158 2262 1282 2322 autem

136 2394 190 2444 ca'
204 2369 246 2465 1)
273 2394 317 2443 ea
336 2370 490 2439 historia
506 2368 704 2438 societatis
722 2367 811 2439 Jcsn
828 2371 1043 2441 Provinciae
1062 2370 1279 2462 Bohemiae,

135 2494 245 2564 tomis
281 2492 444 2584 quinque
479 2513 501 2559 a
537 2490 581 2560 P.
610 2488 745 2559 Joann.
771 2490 941 2563 Schmidl
975 2496 1206 2587 conscripta,
1242 2503 1281 2565 et

135 2616 185 2687 ad
210 2637 345 2685 annum
369 2611 454 2683 165³
476 2620 730 2703 procurrente,
759 2635 804 2683 ex
831 2637 903 2705 qua
928 2616 1040 2685 verba
1064 2618 1147 2709 ipsa
1165 2639 1280 2710 saepe

135 2736 321 2820 adferam,
350 2742 388 2803 et
414 2741 602 2802 auctorem
627 2734 734 2824 signo
766 2729 836 2825 (H.
862 2731 921 2828 S.)
949 2735 1156 2818 denotab03
1191 2735 1233 2829 2)
1258 2759 1282 2809 e

133 2857 268 2927 Litoris
295 2850 384 2923 S.J.
412 2853 540 2921 annuis
567 2853 838 2944 manuscriptis,
866 2876 955 2943 quar
982 2857 1021 2924 in
1047 2855 1282 2929 bibliotheca

137 2975 340 3047 Celsissimi
375 2971 556 3062 Principis
593 2970 957 3077 Augusti'Longini.
980 2974 1027 3045 de
1061 2974 1282 3051 Loblrowitz

135 3100 321 3191 inspicere
346 3093 438 3163 mibi
464 3091 582 3178 licuit,
609 3091 739 3161 literae
763 3092 837 3163 hae
863 3096 967 3185 signo
994 3091 1058 3187 (1.
1085 3092 1152 3188 A.)
1179 3097 1280 3168 indi·

136 3220 329 3292 cabuntur.
363 3211 405 3307 3)
432 3216 489 3285 Ex
513 3214 732 3286 testimoniis
761 3213 809 3283 do
834 3217 944 3286 rebus
970 3215 1189 3305 societatis,
1216 3219 1281 3289 iti·

138 3330 225 3416 dem
248 3335 521 3429 manuscriptis,
548 3336 588 3405 in
615 3356 648 3405 c.
676 3359 706 3405 r.
730 3337 861 3429 inclyti
888 3336 1068 3407 Gubernii
1094 3338 1285 3411 tabulario.

139 3463 352 3547 adservatis,
383 3460 422 3527 in
450 3479 523 3550 qno
550 3457 672 3524 omnia
697 3456 773 3527 hnc
793 3457 997 3551 spectantia
1024 3456 1175 3529 decreta
1195 3481 1282 3531 cae·

137 3608 264 3670 sarea,
292 3591 329 3651 et
355 3579 559 3672 diplomata
582 3578 806 3670 perlustrare
831 3577 921 3647 mihi
946 3600 1162 3652 concessum
1185 3582 1281 3668 fuit3

137 3704 336 3778 universim
361 3709 483 3773 autem
508 3699 572 3769 nbi
600 3698 702 3769 nulla
728 3698 801 3767 alia
827 3703 1025 3770 auctoritas
1052 3701 1115 3772 bic
1139 3702 1280 3798 allega-

138 3834 181 3896 ta
204 3823 328 3909 fuerit,
348 3802 631 3913 intelligendum
654 3826 722 3907 est,
741 3820 950 3894 testimonia
970 3823 1037 3894 illa
1059 3845 1079 3891 e
1097 3823 1281 3896 tabulario

138 3946 216 4022 boc
241 3943 433 4039 depromta
457 3942 580 4014 tuisse.

563 4139 813 4171 u*-

588 4388 652 4400 *a
