<?xml version="1.0" encoding="UTF-8"?>
<!DOCTYPE html PUBLIC "-//W3C//DTD XHTML 1.0 Transitional//EN"
    "http://www.w3.org/TR/xhtml1/DTD/xhtml1-transitional.dtd">
<html xmlns="http://www.w3.org/1999/xhtml" xml:lang="en" lang="en">
 <head>
  <title>
</title>
<meta http-equiv="Content-Type" content="text/html;charset=utf-8" />
  <meta name='ocr-system' content='tesseract 3.04.00' />
  <meta name='ocr-capabilities' content='ocr_page ocr_carea ocr_par ocr_line ocrx_word'/>
</head>
<body>
  <div class='ocr_page' id='page_1' title='image "./analectahistori00kaubgoog_0059.png"; bbox 0 0 2640 4448; ppageno 0'>
   <div class='ocr_carea' id='block_1_1' title="bbox 125 64 180 149">
    <p class='ocr_par' dir='ltr' id='par_1_1' title="bbox 125 64 180 149">
     <span class='ocr_line' id='line_1_1' title="bbox 125 64 180 149; baseline 0.036 -2"><span class='ocrx_word' id='word_1_1' title='bbox 125 64 180 149; x_wconf 62' lang='lat'>⁵523</span> 
     </span>
    </p>
   </div>
   <div class='ocr_carea' id='block_1_2' title="bbox 126 239 1270 2397">
    <p class='ocr_par' dir='ltr' id='par_1_2' title="bbox 126 239 1270 2365">
     <span class='ocr_line' id='line_1_2' title="bbox 144 239 1264 336; baseline 0.001 -17"><span class='ocrx_word' id='word_1_2' title='bbox 144 302 148 323; x_wconf 58' lang='lat'>2</span> <span class='ocrx_word' id='word_1_3' title='bbox 165 298 170 307; x_wconf 83' lang='lat'>·</span> <span class='ocrx_word' id='word_1_4' title='bbox 218 242 332 319; x_wconf 76' lang='lat' dir='ltr'>Auno</span> <span class='ocrx_word' id='word_1_5' title='bbox 349 244 459 316; x_wconf 66' lang='grc' dir='ltr'>1776.Ι</span> <span class='ocrx_word' id='word_1_6' title='bbox 496 241 649 321; x_wconf 81' lang='lat' dir='ltr'>Senatus</span> <span class='ocrx_word' id='word_1_7' title='bbox 663 245 969 336; x_wconf 83' lang='lat' dir='ltr'>micropragenus</span> <span class='ocrx_word' id='word_1_8' title='bbox 985 239 1176 319; x_wconf 85' lang='lat' dir='ltr'>-Societati</span> <span class='ocrx_word' id='word_1_9' title='bbox 1199 273 1264 323; x_wconf 82' lang='lat' dir='ltr'>ac-</span> 
     </span>
     <span class='ocr_line' id='line_1_3' title="bbox 131 366 1263 459; baseline 0.001 -17"><span class='ocrx_word' id='word_1_10' title='bbox 131 375 269 442; x_wconf 79' lang='lat' dir='ltr'>tionem</span> <span class='ocrx_word' id='word_1_11' title='bbox 294 366 451 434; x_wconf 75' lang='lat' dir='ltr'>intendit</span> <span class='ocrx_word' id='word_1_12' title='bbox 471 366 517 434; x_wconf 91' lang='lat' dir='ltr'>ob</span> <span class='ocrx_word' id='word_1_13' title='bbox 540 367 683 447; x_wconf 80' lang='lat' dir='ltr'>elocata</span> <span class='ocrx_word' id='word_1_14' title='bbox 702 368 740 434; x_wconf 91' lang='lat' dir='ltr'>in</span> <span class='ocrx_word' id='word_1_15' title='bbox 772 367 907 435; x_wconf 88' lang='lat' dir='ltr'>scholis</span> <span class='ocrx_word' id='word_1_16' title='bbox 935 366 1020 433; x_wconf 86' lang='lat' dir='ltr'>loco</span> <span class='ocrx_word' id='word_1_17' title='bbox 1046 390 1190 459; x_wconf 82' lang='lat' dir='ltr'>vacua,</span> <span class='ocrx_word' id='word_1_18' title='bbox 1204 375 1263 443; x_wconf 78' lang='lat' dir='ltr'>ab</span> 
     </span>
     <span class='ocr_line' id='line_1_4' title="bbox 135 487 1267 593; baseline 0.003 -33"><span class='ocrx_word' id='word_1_19' title='bbox 135 490 291 593; x_wconf 73' lang='lat' dir='ltr'>externis</span> <span class='ocrx_word' id='word_1_20' title='bbox 311 487 526 572; x_wconf 86' lang='lat' dir='ltr'>inhabitata,</span> <span class='ocrx_word' id='word_1_21' title='bbox 546 509 687 557; x_wconf 86' lang='lat' dir='ltr'>causam</span> <span class='ocrx_word' id='word_1_22' title='bbox 708 488 938 570; x_wconf 84' lang='lat' dir='ltr'>interserens,</span> <span class='ocrx_word' id='word_1_23' title='bbox 956 487 1072 557; x_wconf 89' lang='lat' dir='ltr'>minui</span> <span class='ocrx_word' id='word_1_24' title='bbox 1094 493 1149 559; x_wconf 88' lang='lat' dir='ltr'>ita</span> <span class='ocrx_word' id='word_1_25' title='bbox 1170 515 1267 563; x_wconf 85' lang='lat' dir='ltr'>corn-</span> 
     </span>
     <span class='ocr_line' id='line_1_5' title="bbox 126 607 1270 707; baseline 0.001 -26"><span class='ocrx_word' id='word_1_26' title='bbox 126 612 237 681; x_wconf 89' lang='lat' dir='ltr'>moda</span> <span class='ocrx_word' id='word_1_27' title='bbox 263 609 398 677; x_wconf 76' lang='lat' dir='ltr'>ciuium</span> <span class='ocrx_word' id='word_1_28' title='bbox 421 631 464 707; x_wconf 71' lang='lat' dir='ltr'>en</span> <span class='ocrx_word' id='word_1_29' title='bbox 488 609 693 705; x_wconf 81' lang='lat' dir='ltr'>elocatione</span> <span class='ocrx_word' id='word_1_30' title='bbox 706 607 860 676; x_wconf 82' lang='lat' dir='ltr'>aedium</span> <span class='ocrx_word' id='word_1_31' title='bbox 881 609 1118 707; x_wconf 78' lang='lat' dir='ltr'>privatorum.</span> <span class='ocrx_word' id='word_1_32' title='bbox 1173 614 1270 689; x_wconf 53' lang='lat' dir='ltr'>Sena</span> 
     </span>
     <span class='ocr_line' id='line_1_6' title="bbox 126 727 1264 829; baseline -0.001 -27"><span class='ocrx_word' id='word_1_33' title='bbox 126 734 242 815; x_wconf 82' lang='lat' dir='ltr'>tentia</span> <span class='ocrx_word' id='word_1_34' title='bbox 250 730 392 821; x_wconf 84' lang='lat' dir='ltr'>judicis</span> <span class='ocrx_word' id='word_1_35' title='bbox 405 731 493 814; x_wconf 85' lang='lat' dir='ltr'>lata,</span> <span class='ocrx_word' id='word_1_36' title='bbox 512 728 664 818; x_wconf 80' lang='lat' dir='ltr'>juslroc</span> <span class='ocrx_word' id='word_1_37' title='bbox 684 727 854 829; x_wconf 77' lang='lat' dir='ltr'>elocandi</span> <span class='ocrx_word' id='word_1_38' title='bbox 867 728 1046 797; x_wconf 88' lang='lat' dir='ltr'>Societati</span> <span class='ocrx_word' id='word_1_39' title='bbox 1066 730 1264 811; x_wconf 70' lang='lat' dir='ltr'>adseritur.</span> 
     </span>
     <span class='ocr_line' id='line_1_7' title="bbox 143 848 1264 947; baseline -0.001 -24"><span class='ocrx_word' id='word_1_40' title='bbox 143 930 146 936; x_wconf 87' lang='lat'><em>.</em></span> <span class='ocrx_word' id='word_1_41' title='bbox 220 848 506 923; x_wconf 82' lang='lat' dir='ltr'>Anno1727et</span> <span class='ocrx_word' id='word_1_42' title='bbox 532 851 627 920; x_wconf 70' lang='lat'><strong>1728.</strong></span> <span class='ocrx_word' id='word_1_43' title='bbox 677 848 744 947; x_wconf 81' lang='lat' dir='ltr'>His</span> <span class='ocrx_word' id='word_1_44' title='bbox 769 849 920 917; x_wconf 80' lang='lat' dir='ltr'>circiter</span> <span class='ocrx_word' id='word_1_45' title='bbox 944 853 1045 919; x_wconf 86' lang='lat' dir='ltr'>annis</span> <span class='ocrx_word' id='word_1_46' title='bbox 1069 856 1264 943; x_wconf 83' lang='lat' dir='ltr'>gymnasio</span> 
     </span>
     <span class='ocr_line' id='line_1_8' title="bbox 127 954 1264 1061; baseline -0.001 -19"><span class='ocrx_word' id='word_1_47' title='bbox 127 981 252 1043; x_wconf 89' lang='lat' dir='ltr'>nostro</span> <span class='ocrx_word' id='word_1_48' title='bbox 273 971 356 1038; x_wconf 88' lang='lat' dir='ltr'>novi</span> <span class='ocrx_word' id='word_1_49' title='bbox 378 954 550 1058; x_wconf 86' lang='lat' dir='ltr'>discipuli</span> <span class='ocrx_word' id='word_1_50' title='bbox 570 968 953 1061; x_wconf 82' lang='lat' dir='ltr'>eSeminarioPragae</span> <span class='ocrx_word' id='word_1_51' title='bbox 970 970 1136 1058; x_wconf 88' lang='lat' dir='ltr'>Minoris,</span> <span class='ocrx_word' id='word_1_52' title='bbox 1155 972 1264 1042; x_wconf 86' lang='lat' dir='ltr'>Vini-</span> 
     </span>
     <span class='ocr_line' id='line_1_9' title="bbox 130 1076 1244 1182; baseline -0.001 -21"><span class='ocrx_word' id='word_1_53' title='bbox 130 1090 392 1176; x_wconf 84' lang='lat' dir='ltr'>dorumdicto,</span> <span class='ocrx_word' id='word_1_54' title='bbox 412 1112 455 1157; x_wconf 87' lang='lat' dir='ltr'>ex</span> <span class='ocrx_word' id='word_1_55' title='bbox 473 1087 622 1175; x_wconf 81' lang='lat' dir='ltr'>Lusatia</span> <span class='ocrx_word' id='word_1_56' title='bbox 638 1092 854 1182; x_wconf 89' lang='lat' dir='ltr'>plerumque</span> <span class='ocrx_word' id='word_1_57' title='bbox 868 1090 1026 1177; x_wconf 87' lang='lat' dir='ltr'>oriundi,</span> <span class='ocrx_word' id='word_1_58' title='bbox 1048 1076 1244 1161; x_wconf 86' lang='lat' dir='ltr'>accedunt.</span> 
     </span>
     <span class='ocr_line' id='line_1_10' title="bbox 220 1211 1263 1302; baseline 0 -20"><span class='ocrx_word' id='word_1_59' title='bbox 220 1212 482 1282; x_wconf 77' lang='lat' dir='ltr'>Fundanorunt</span> <span class='ocrx_word' id='word_1_60' title='bbox 512 1228 643 1301; x_wconf 80' lang='lat' dir='ltr'>nempe</span> <span class='ocrx_word' id='word_1_61' title='bbox 676 1211 813 1297; x_wconf 41' lang='lat' dir='ltr'>fratres,</span> <span class='ocrx_word' id='word_1_62' title='bbox 839 1212 1004 1302; x_wconf 85' lang='lat' dir='ltr'>germani</span> <span class='ocrx_word' id='word_1_63' title='bbox 1037 1213 1133 1299; x_wconf 87' lang='lat' dir='ltr'>duo,</span> <span class='ocrx_word' id='word_1_64' title='bbox 1160 1213 1263 1282; x_wconf 90' lang='lat' dir='ltr'>Mar-</span> 
     </span>
     <span class='ocr_line' id='line_1_11' title="bbox 128 1316 1264 1423; baseline 0 -20"><span class='ocrx_word' id='word_1_65' title='bbox 128 1334 225 1404; x_wconf 83' lang='lat' dir='ltr'>tinus</span> <span class='ocrx_word' id='word_1_66' title='bbox 267 1340 304 1399; x_wconf 89' lang='lat' dir='ltr'>et</span> <span class='ocrx_word' id='word_1_67' title='bbox 343 1316 523 1423; x_wconf 75' lang='lat' dir='ltr'>Georgius</span> <span class='ocrx_word' id='word_1_68' title='bbox 566 1331 762 1416; x_wconf 87' lang='lat' dir='ltr'>Schimon,</span> <span class='ocrx_word' id='word_1_69' title='bbox 799 1329 977 1418; x_wconf 89' lang='lat' dir='ltr'>Lusatae,</span> <span class='ocrx_word' id='word_1_70' title='bbox 1011 1332 1075 1401; x_wconf 89' lang='lat' dir='ltr'>ille</span> <span class='ocrx_word' id='word_1_71' title='bbox 1105 1332 1264 1403; x_wconf 86' lang='lat' dir='ltr'>Canoni-</span> 
     </span>
     <span class='ocr_line' id='line_1_12' title="bbox 130 1440 1265 1537; baseline -0.002 -14"><span class='ocrx_word' id='word_1_72' title='bbox 130 1475 193 1524; x_wconf 88' lang='lat' dir='ltr'>cus</span> <span class='ocrx_word' id='word_1_73' title='bbox 224 1453 357 1522; x_wconf 88' lang='lat' dir='ltr'>Senior</span> <span class='ocrx_word' id='word_1_74' title='bbox 391 1440 680 1537; x_wconf 86' lang='lat' dir='ltr'>Budissinensis,</span> <span class='ocrx_word' id='word_1_75' title='bbox 726 1448 789 1519; x_wconf 88' lang='lat' dir='ltr'>hic</span> <span class='ocrx_word' id='word_1_76' title='bbox 825 1473 1010 1521; x_wconf 83' lang='lat' dir='ltr'>sacrorum</span> <span class='ocrx_word' id='word_1_77' title='bbox 1039 1452 1088 1520; x_wconf 83' lang='lat' dir='ltr'>ad</span> <span class='ocrx_word' id='word_1_78' title='bbox 1117 1453 1164 1523; x_wconf 81' lang='lat' dir='ltr'>l).</span> <span class='ocrx_word' id='word_1_79' title='bbox 1196 1454 1265 1522; x_wconf 85' lang='lat' dir='ltr'>Jo-</span> 
     </span>
     <span class='ocr_line' id='line_1_13' title="bbox 130 1547 1267 1665; baseline -0.001 -24"><span class='ocrx_word' id='word_1_80' title='bbox 130 1547 235 1665; x_wconf 83' lang='lat' dir='ltr'>sephi</span> <span class='ocrx_word' id='word_1_81' title='bbox 259 1572 403 1662; x_wconf 83' lang='lat' dir='ltr'>Progne</span> <span class='ocrx_word' id='word_1_82' title='bbox 431 1573 587 1640; x_wconf 88' lang='lat' dir='ltr'>Minoris</span> <span class='ocrx_word' id='word_1_83' title='bbox 617 1564 802 1657; x_wconf 85' lang='lat' dir='ltr'>minister,</span> <span class='ocrx_word' id='word_1_84' title='bbox 836 1583 879 1655; x_wconf 85' lang='lat' dir='ltr'>ut</span> <span class='ocrx_word' id='word_1_85' title='bbox 909 1573 955 1640; x_wconf 89' lang='lat' dir='ltr'>de</span> <span class='ocrx_word' id='word_1_86' title='bbox 985 1594 1135 1642; x_wconf 86' lang='lat' dir='ltr'>numero</span> <span class='ocrx_word' id='word_1_87' title='bbox 1169 1560 1267 1640; x_wconf 84' lang='lat' dir='ltr'>cleri</span> 
     </span>
     <span class='ocr_line' id='line_1_14' title="bbox 129 1691 1266 1784; baseline -0.002 -24"><span class='ocrx_word' id='word_1_88' title='bbox 129 1695 246 1784; x_wconf 88' lang='lat' dir='ltr'>magis</span> <span class='ocrx_word' id='word_1_89' title='bbox 276 1692 482 1760; x_wconf 85' lang='lat' dir='ltr'>sufficiente</span> <span class='ocrx_word' id='word_1_90' title='bbox 502 1691 691 1765; x_wconf 83' lang='lat' dir='ltr'>catholicis</span> <span class='ocrx_word' id='word_1_91' title='bbox 713 1694 859 1760; x_wconf 90' lang='lat' dir='ltr'>illarum</span> <span class='ocrx_word' id='word_1_92' title='bbox 879 1693 1067 1784; x_wconf 90' lang='lat' dir='ltr'>regionum</span> <span class='ocrx_word' id='word_1_93' title='bbox 1091 1701 1128 1757; x_wconf 87' lang='lat' dir='ltr'>et</span> <span class='ocrx_word' id='word_1_94' title='bbox 1146 1691 1266 1761; x_wconf 82' lang='lat' dir='ltr'>saxo-</span> 
     </span>
     <span class='ocr_line' id='line_1_15' title="bbox 132 1790 1267 1905; baseline -0.004 -23"><span class='ocrx_word' id='word_1_95' title='bbox 132 1815 214 1882; x_wconf 88' lang='lat' dir='ltr'>niae</span> <span class='ocrx_word' id='word_1_96' title='bbox 233 1802 366 1880; x_wconf 86' lang='lat' dir='ltr'>incolis</span> <span class='ocrx_word' id='word_1_97' title='bbox 386 1811 660 1902; x_wconf 81' lang='lat' dir='ltr'>provideretur,</span> <span class='ocrx_word' id='word_1_98' title='bbox 688 1811 872 1903; x_wconf 89' lang='lat' dir='ltr'>stipendia</span> <span class='ocrx_word' id='word_1_99' title='bbox 902 1835 971 1905; x_wconf 91' lang='lat' dir='ltr'>pro</span> <span class='ocrx_word' id='word_1_100' title='bbox 999 1790 1137 1881; x_wconf 82' lang='lat' dir='ltr'>alendis</span> <span class='ocrx_word' id='word_1_101' title='bbox 1168 1811 1267 1880; x_wconf 83' lang='lat' dir='ltr'>‹lno-</span> 
     </span>
     <span class='ocr_line' id='line_1_16' title="bbox 133 1912 1269 2037; baseline -0.002 -35"><span class='ocrx_word' id='word_1_102' title='bbox 133 1912 255 2002; x_wconf 91' lang='lat' dir='ltr'>decim</span> <span class='ocrx_word' id='word_1_103' title='bbox 284 1932 598 2020; x_wconf 72' lang='lat' dir='ltr'>adolescentibuS,</span> <span class='ocrx_word' id='word_1_104' title='bbox 647 1934 709 2031; x_wconf 91' lang='lat' dir='ltr'>qui</span> <span class='ocrx_word' id='word_1_105' title='bbox 737 1934 933 2005; x_wconf 87' lang='lat' dir='ltr'>literarum</span> <span class='ocrx_word' id='word_1_106' title='bbox 958 1930 1087 2005; x_wconf 89' lang='lat' dir='ltr'>studns</span> <span class='ocrx_word' id='word_1_107' title='bbox 1114 1953 1269 2037; x_wconf 84' lang='lat' dir='ltr'>operam</span> 
     </span>
     <span class='ocr_line' id='line_1_17' title="bbox 132 2052 1267 2147; baseline -0.004 -24"><span class='ocrx_word' id='word_1_108' title='bbox 132 2055 273 2146; x_wconf 90' lang='lat' dir='ltr'>Pragae</span> <span class='ocrx_word' id='word_1_109' title='bbox 298 2062 483 2122; x_wconf 88' lang='lat' dir='ltr'>navarent.</span> <span class='ocrx_word' id='word_1_110' title='bbox 534 2052 924 2123; x_wconf 84' lang='lat' dir='ltr'>Institutioseminarii</span> <span class='ocrx_word' id='word_1_111' title='bbox 949 2055 1067 2147; x_wconf 80' lang='lat' dir='ltr'>hujus</span> <span class='ocrx_word' id='word_1_112' title='bbox 1084 2052 1267 2147; x_wconf 88' lang='lat' dir='ltr'>diploma-</span> 
     </span>
     <span class='ocr_line' id='line_1_18' title="bbox 133 2158 1266 2264; baseline -0.004 -21"><span class='ocrx_word' id='word_1_113' title='bbox 133 2186 170 2244; x_wconf 91' lang='lat' dir='ltr'>te</span> <span class='ocrx_word' id='word_1_114' title='bbox 192 2196 359 2242; x_wconf 88' lang='lat' dir='ltr'>caesareo</span> <span class='ocrx_word' id='word_1_115' title='bbox 384 2174 429 2241; x_wconf 91' lang='lat' dir='ltr'>ab</span> <span class='ocrx_word' id='word_1_116' title='bbox 449 2166 673 2264; x_wconf 81' lang='lat' dir='ltr'>Imperatore</span> <span class='ocrx_word' id='word_1_117' title='bbox 701 2172 835 2243; x_wconf 87' lang='lat' dir='ltr'>Carolo</span> <span class='ocrx_word' id='word_1_118' title='bbox 853 2174 915 2241; x_wconf 83' lang='lat' dir='ltr'>vl.</span> <span class='ocrx_word' id='word_1_119' title='bbox 939 2166 999 2241; x_wconf 82' lang='lat' dir='ltr'>die</span> <span class='ocrx_word' id='word_1_120' title='bbox 1018 2158 1107 2242; x_wconf 78' lang='lat' dir='ltr'>«iulii</span> <span class='ocrx_word' id='word_1_121' title='bbox 1125 2168 1175 2239; x_wconf 66' lang='lat' dir='ltr'>gu</span> <span class='ocrx_word' id='word_1_122' title='bbox 1201 2195 1266 2240; x_wconf 89' lang='lat' dir='ltr'>an-</span> 
     </span>
     <span class='ocr_line' id='line_1_19' title="bbox 132 2268 1269 2397; baseline -0.006 -32"><span class='ocrx_word' id='word_1_123' title='bbox 132 2293 473 2389; x_wconf 74' lang='lat' dir='ltr'>ni172500ncessa</span> <span class='ocrx_word' id='word_1_124' title='bbox 508 2301 544 2359; x_wconf 84' lang='lat' dir='ltr'>et</span> <span class='ocrx_word' id='word_1_125' title='bbox 574 2300 654 2359; x_wconf 90' lang='lat' dir='ltr'>rata</span> <span class='ocrx_word' id='word_1_126' title='bbox 680 2293 807 2362; x_wconf 85' lang='lat' dir='ltr'>habita</span> <span class='ocrx_word' id='word_1_127' title='bbox 838 2292 949 2362; x_wconf 86' lang='lat' dir='ltr'>fuit.</span> <span class='ocrx_word' id='word_1_128' title='bbox 970 2268 1038 2362; x_wconf 79' lang='lat' dir='ltr'>Hi&#39;s</span> <span class='ocrx_word' id='word_1_129' title='bbox 1069 2288 1269 2397; x_wconf 80' lang='lat' dir='ltr'>duodecim</span> 
     </span>
    </p>
   </div>
   <div class='ocr_carea' id='block_1_3' title="bbox 134 2418 1028 2535">
    <p class='ocr_par' dir='ltr' id='par_1_3' title="bbox 134 2418 1028 2535">
     <span class='ocr_line' id='line_1_20' title="bbox 134 2418 1028 2535; baseline -0.002 -46"><span class='ocrx_word' id='word_1_130' title='bbox 134 2419 328 2513; x_wconf 87' lang='lat' dir='ltr'>stipendiis</span> <span class='ocrx_word' id='word_1_131' title='bbox 352 2419 461 2510; x_wconf 89' lang='lat' dir='ltr'>plura</span> <span class='ocrx_word' id='word_1_132' title='bbox 481 2425 628 2535; x_wconf 75' lang='lat' dir='ltr'>posteo</span> <span class='ocrx_word' id='word_1_133' title='bbox 629 2418 768 2488; x_wconf 90' lang='lat' dir='ltr'>ibidem</span> <span class='ocrx_word' id='word_1_134' title='bbox 788 2428 1028 2489; x_wconf 87' lang='lat' dir='ltr'>accesserunt.</span> 
     </span>
    </p>
   </div>
   <div class='ocr_carea' id='block_1_4' title="bbox 134 2489 1272 3493">
    <p class='ocr_par' dir='ltr' id='par_1_4' title="bbox 134 2489 1272 3493">
     <span class='ocr_line' id='line_1_21' title="bbox 227 2489 1270 2683; baseline -0.004 -56"><span class='ocrx_word' id='word_1_135' title='bbox 227 2542 285 2627; x_wconf 93' lang='lat' dir='ltr'>Ab</span> <span class='ocrx_word' id='word_1_136' title='bbox 305 2556 378 2625; x_wconf 92' lang='lat' dir='ltr'>hoc</span> <span class='ocrx_word' id='word_1_137' title='bbox 396 2564 562 2683; x_wconf 86' lang='lat' dir='ltr'>tempore</span> <span class='ocrx_word' id='word_1_138' title='bbox 578 2582 694 2648; x_wconf 88' lang='lat' dir='ltr'>usque</span> <span class='ocrx_word' id='word_1_139' title='bbox 714 2557 761 2629; x_wconf 93' lang='lat' dir='ltr'>ad</span> <span class='ocrx_word' id='word_1_140' title='bbox 781 2558 1015 2641; x_wconf 77' lang='lat' dir='ltr'>annnm1747</span> <span class='ocrx_word' id='word_1_141' title='bbox 1031 2489 1147 2643; x_wconf 71' lang='lat' dir='ltr'>nillil,</span> <span class='ocrx_word' id='word_1_142' title='bbox 1168 2552 1270 2663; x_wconf 87' lang='lat' dir='ltr'>quod</span> 
     </span>
     <span class='ocr_line' id='line_1_22' title="bbox 135 2668 1271 2772; baseline -0.003 -25"><span class='ocrx_word' id='word_1_143' title='bbox 135 2676 183 2747; x_wconf 84' lang='lat' dir='ltr'>ad</span> <span class='ocrx_word' id='word_1_144' title='bbox 202 2674 453 2771; x_wconf 78' lang='lat' dir='ltr'>gymnasium,</span> <span class='ocrx_word' id='word_1_145' title='bbox 482 2686 542 2746; x_wconf 87' lang='lat' dir='ltr'>aut</span> <span class='ocrx_word' id='word_1_146' title='bbox 566 2676 748 2748; x_wconf 82' lang='lat' dir='ltr'>saltem</span> <span class='ocrx_word' id='word_1_147' title='bbox 716 2704 792 2772; x_wconf 64' lang='lat' dir='ltr'>ejus</span> <span class='ocrx_word' id='word_1_148' title='bbox 813 2679 960 2747; x_wconf 76' lang='lat' dir='ltr'>donnum</span> <span class='ocrx_word' id='word_1_149' title='bbox 978 2668 1184 2768; x_wconf 85' lang='lat' dir='ltr'>spectaret,</span> <span class='ocrx_word' id='word_1_150' title='bbox 1212 2676 1271 2746; x_wconf 90' lang='lat' dir='ltr'>in-</span> 
     </span>
     <span class='ocr_line' id='line_1_23' title="bbox 135 2793 1272 2891; baseline -0.004 -22"><span class='ocrx_word' id='word_1_151' title='bbox 135 2800 250 2870; x_wconf 83' lang='lat' dir='ltr'>veniri</span> <span class='ocrx_word' id='word_1_152' title='bbox 288 2798 421 2891; x_wconf 89' lang='lat' dir='ltr'>potuit.</span> <span class='ocrx_word' id='word_1_153' title='bbox 480 2793 613 2865; x_wconf 86' lang='lat' dir='ltr'>Verum</span> <span class='ocrx_word' id='word_1_154' title='bbox 643 2796 689 2866; x_wconf 86' lang='lat' dir='ltr'>ab</span> <span class='ocrx_word' id='word_1_155' title='bbox 726 2823 821 2869; x_wconf 92' lang='lat' dir='ltr'>anno</span> <span class='ocrx_word' id='word_1_156' title='bbox 849 2800 935 2869; x_wconf 82' lang='grc'><strong>1747</strong></span> <span class='ocrx_word' id='word_1_157' title='bbox 967 2822 1085 2888; x_wconf 83' lang='lat' dir='ltr'>usque¹</span> <span class='ocrx_word' id='word_1_158' title='bbox 1119 2796 1168 2889; x_wconf 82' lang='lat' dir='ltr'>ad</span> <span class='ocrx_word' id='word_1_159' title='bbox 1203 2819 1272 2864; x_wconf 90' lang='lat' dir='ltr'>no·</span> 
     </span>
     <span class='ocr_line' id='line_1_24' title="bbox 134 2893 1271 3010; baseline -0.004 -22"><span class='ocrx_word' id='word_1_160' title='bbox 134 2930 209 2988; x_wconf 85' lang='lat' dir='ltr'>stra</span> <span class='ocrx_word' id='word_1_161' title='bbox 239 2930 405 3008; x_wconf 90' lang='lat' dir='ltr'>tempora</span> <span class='ocrx_word' id='word_1_162' title='bbox 448 2915 632 2985; x_wconf 88' lang='lat' dir='ltr'>habentur</span> <span class='ocrx_word' id='word_1_163' title='bbox 667 2919 705 2986; x_wconf 93' lang='lat' dir='ltr'>in</span> <span class='ocrx_word' id='word_1_164' title='bbox 735 2920 912 3010; x_wconf 85' lang='lat' dir='ltr'>catalogis</span> <span class='ocrx_word' id='word_1_165' title='bbox 947 2893 1114 2988; x_wconf 80' lang='lat' dir='ltr'>et&#39;iibris</span> <span class='ocrx_word' id='word_1_166' title='bbox 1143 2916 1271 2986; x_wconf 89' lang='lat' dir='ltr'>calcu-</span> 
     </span>
     <span class='ocr_line' id='line_1_25' title="bbox 134 3022 1269 3127; baseline -0.003 -21"><span class='ocrx_word' id='word_1_167' title='bbox 134 3041 253 3108; x_wconf 90' lang='lat' dir='ltr'>lorum</span> <span class='ocrx_word' id='word_1_168' title='bbox 299 3039 554 3127; x_wconf 85' lang='lat' dir='ltr'>manuscriptis</span> <span class='ocrx_word' id='word_1_169' title='bbox 599 3041 746 3109; x_wconf 89' lang='lat' dir='ltr'>nomina</span> <span class='ocrx_word' id='word_1_170' title='bbox 783 3022 1139 3110; x_wconf 81' lang='lat' dir='ltr'>Praeiectorum&#39;et¹</span> <span class='ocrx_word' id='word_1_171' title='bbox 1173 3035 1269 3105; x_wconf 84' lang='lat' dir='ltr'>Pro-</span> 
     </span>
     <span class='ocr_line' id='line_1_26' title="bbox 134 3157 1269 3253; baseline -0.004 -25"><span class='ocrx_word' id='word_1_172' title='bbox 134 3161 435 3243; x_wconf 82' lang='lat' dir='ltr'>fessorum,tum</span> <span class='ocrx_word' id='word_1_173' title='bbox 453 3161 561 3227; x_wconf 89' lang='lat' dir='ltr'>etiam</span> <span class='ocrx_word' id='word_1_174' title='bbox 586 3158 873 3253; x_wconf 90' lang='lat' dir='ltr'>discipulorum,</span> <span class='ocrx_word' id='word_1_175' title='bbox 903 3172 938 3229; x_wconf 90' lang='lat' dir='ltr'>et</span> <span class='ocrx_word' id='word_1_176' title='bbox 956 3161 1087 3231; x_wconf 83' lang='lat' dir='ltr'>horum</span> <span class='ocrx_word' id='word_1_177' title='bbox 1106 3157 1269 3249; x_wconf 73' lang='lat' dir='ltr'>quidem,</span> 
     </span>
     <span class='ocr_line' id='line_1_27' title="bbox 138 3276 1269 3373; baseline -0.006 -23"><span class='ocrx_word' id='word_1_178' title='bbox 138 3280 265 3350; x_wconf 88' lang='lat' dir='ltr'>addita</span> <span class='ocrx_word' id='word_1_179' title='bbox 284 3276 498 3371; x_wconf 84' lang='lat' dir='ltr'>progressus</span> <span class='ocrx_word' id='word_1_180' title='bbox 522 3280 560 3348; x_wconf 91' lang='lat' dir='ltr'>iu</span> <span class='ocrx_word' id='word_1_181' title='bbox 579 3282 708 3353; x_wconf 90' lang='lat' dir='ltr'>studiis</span> <span class='ocrx_word' id='word_1_182' title='bbox 737 3293 846 3370; x_wconf 91' lang='lat' dir='ltr'>nota,</span> <span class='ocrx_word' id='word_1_183' title='bbox 880 3283 1088 3373; x_wconf 82' lang='lat' dir='ltr'>perscripta</span> <span class='ocrx_word' id='word_1_184' title='bbox 1117 3287 1155 3347; x_wconf 83' lang='lat' dir='ltr'>et</span> <span class='ocrx_word' id='word_1_185' title='bbox 1183 3276 1269 3345; x_wconf 85' lang='lat' dir='ltr'>dili-</span> 
     </span>
     <span class='ocr_line' id='line_1_28' title="bbox 137 3390 1270 3493; baseline -0.004 -23"><span class='ocrx_word' id='word_1_186' title='bbox 137 3412 266 3493; x_wconf 82' lang='lat' dir='ltr'>genter</span> <span class='ocrx_word' id='word_1_187' title='bbox 295 3390 494 3470; x_wconf 71' lang='lat' dir='ltr'>adsernata.</span> <span class='ocrx_word' id='word_1_188' title='bbox 546 3402 604 3471; x_wconf 93' lang='lat' dir='ltr'>Ab</span> <span class='ocrx_word' id='word_1_189' title='bbox 632 3405 703 3472; x_wconf 91' lang='lat' dir='ltr'>isto</span> <span class='ocrx_word' id='word_1_190' title='bbox 737 3404 863 3491; x_wconf 89' lang='lat' dir='ltr'>itaque</span> <span class='ocrx_word' id='word_1_191' title='bbox 891 3390 1161 3470; x_wconf 79' lang='lat' dir='ltr'>anno&#39;nontina</span> <span class='ocrx_word' id='word_1_192' title='bbox 1187 3398 1270 3488; x_wconf 74' lang='lat' dir='ltr'>ipsa</span> 
     </span>
    </p>
   </div>
   <div class='ocr_carea' id='block_1_5' title="bbox 25 3513 1272 3614">
    <p class='ocr_par' dir='ltr' id='par_1_5' title="bbox 25 3513 1272 3614">
     <span class='ocr_line' id='line_1_29' title="bbox 25 3513 1272 3614; baseline 0 -30"><span class='ocrx_word' id='word_1_193' title='bbox 25 3581 27 3584; x_wconf 85' lang='grc'><strong>,</strong></span> <span class='ocrx_word' id='word_1_194' title='bbox 137 3519 410 3608; x_wconf 87' lang='lat' dir='ltr'>Professornm,</span> <span class='ocrx_word' id='word_1_195' title='bbox 449 3524 511 3613; x_wconf 91' lang='lat' dir='ltr'>qui</span> <span class='ocrx_word' id='word_1_196' title='bbox 537 3525 682 3614; x_wconf 84' lang='lat' dir='ltr'>scriptis</span> <span class='ocrx_word' id='word_1_197' title='bbox 712 3523 818 3590; x_wconf 81' lang='lat' dir='ltr'>simul</span> <span class='ocrx_word' id='word_1_198' title='bbox 849 3521 955 3591; x_wconf 86' lang='lat' dir='ltr'>oditis</span> <span class='ocrx_word' id='word_1_199' title='bbox 984 3515 1196 3591; x_wconf 81' lang='lat' dir='ltr'>memoriam</span> <span class='ocrx_word' id='word_1_200' title='bbox 1216 3513 1272 3584; x_wconf 86' lang='lat' dir='ltr'>sui</span> 
     </span>
    </p>
   </div>
   <div class='ocr_carea' id='block_1_6' title="bbox 126 3639 1271 4096">
    <p class='ocr_par' dir='ltr' id='par_1_6' title="bbox 126 3639 1271 3857">
     <span class='ocr_line' id='line_1_30' title="bbox 126 3639 1271 3733; baseline -0.003 -26"><span class='ocrx_word' id='word_1_201' title='bbox 126 3639 386 3728; x_wconf 61' lang='lat' dir='ltr'>reliquerunt,</span> <span class='ocrx_word' id='word_1_202' title='bbox 439 3666 553 3733; x_wconf 89' lang='lat' dir='ltr'>usque</span> <span class='ocrx_word' id='word_1_203' title='bbox 592 3645 639 3714; x_wconf 91' lang='lat' dir='ltr'>ad</span> <span class='ocrx_word' id='word_1_204' title='bbox 675 3666 808 3712; x_wconf 81' lang='lat' dir='ltr'>annum</span> <span class='ocrx_word' id='word_1_205' title='bbox 839 3645 943 3727; x_wconf 85' lang='grc'><strong>1780,</strong></span> <span class='ocrx_word' id='word_1_206' title='bbox 990 3653 1067 3711; x_wconf 91' lang='lat' dir='ltr'>tum</span> <span class='ocrx_word' id='word_1_207' title='bbox 1104 3657 1271 3712; x_wconf 83' lang='lat' dir='ltr'>numerus</span> 
     </span>
     <span class='ocr_line' id='line_1_31' title="bbox 142 3756 1062 3857; baseline 0.002 -32"><span class='ocrx_word' id='word_1_208' title='bbox 142 3756 408 3857; x_wconf 87' lang='lat' dir='ltr'>discipulorum</span> <span class='ocrx_word' id='word_1_209' title='bbox 432 3767 532 3833; x_wconf 88' lang='lat' dir='ltr'>annis</span> <span class='ocrx_word' id='word_1_210' title='bbox 557 3765 709 3857; x_wconf 82' lang='lat' dir='ltr'>singulis</span> <span class='ocrx_word' id='word_1_211' title='bbox 732 3763 795 3832; x_wconf 89' lang='lat' dir='ltr'>hic</span> <span class='ocrx_word' id='word_1_212' title='bbox 815 3762 1062 3853; x_wconf 84' lang='lat' dir='ltr'>adponuntur.</span> 
     </span>
    </p>

    <p class='ocr_par' dir='ltr' id='par_1_7' title="bbox 140 3868 1269 4096">
     <span class='ocr_line' id='line_1_32' title="bbox 230 3868 1269 3979; baseline -0.003 -31"><span class='ocrx_word' id='word_1_213' title='bbox 230 3873 345 3948; x_wconf 78' lang='lat' dir='ltr'>Auno</span> <span class='ocrx_word' id='word_1_214' title='bbox 370 3885 464 3952; x_wconf 80' lang='grc'><strong>1747.</strong></span> <span class='ocrx_word' id='word_1_215' title='bbox 508 3885 692 3979; x_wconf 81' lang='lat' dir='ltr'>Discipuli</span> <span class='ocrx_word' id='word_1_216' title='bbox 711 3884 749 3951; x_wconf 89' lang='lat' dir='ltr'>in</span> <span class='ocrx_word' id='word_1_217' title='bbox 767 3885 958 3974; x_wconf 76' lang='lat' dir='ltr'>gymnasio</span> <span class='ocrx_word' id='word_1_218' title='bbox 978 3878 1175 3951; x_wconf 85' lang='lat' dir='ltr'>universim</span> <span class='ocrx_word' id='word_1_219' title='bbox 1190 3868 1269 3957; x_wconf 78' lang='grc'>341,</span> 
     </span>
     <span class='ocr_line' id='line_1_33' title="bbox 140 3993 1268 4096; baseline -0.006 -30"><span class='ocrx_word' id='word_1_220' title='bbox 140 3999 236 4067; x_wconf 90' lang='lat' dir='ltr'>inter</span> <span class='ocrx_word' id='word_1_221' title='bbox 256 4021 347 4091; x_wconf 86' lang='lat' dir='ltr'>quos</span> <span class='ocrx_word' id='word_1_222' title='bbox 365 4004 517 4079; x_wconf 86' lang='lat' dir='ltr'>comites</span> <span class='ocrx_word' id='word_1_223' title='bbox 538 4015 635 4096; x_wconf 87' lang='lat' dir='ltr'>tres,</span> <span class='ocrx_word' id='word_1_224' title='bbox 661 4007 689 4077; x_wconf 86' lang='lat'>1.</span> <span class='ocrx_word' id='word_1_225' title='bbox 710 4004 801 4074; x_wconf 81' lang='lat' dir='ltr'>baro</span> <span class='ocrx_word' id='word_1_226' title='bbox 818 4005 861 4092; x_wconf 90' lang='lat'>1,</span> <span class='ocrx_word' id='word_1_227' title='bbox 899 4003 1040 4083; x_wconf 83' lang='lat' dir='ltr'>nobiles</span> <span class='ocrx_word' id='word_1_228' title='bbox 1059 4000 1115 4069; x_wconf 81' lang='lat'>16.</span> <span class='ocrx_word' id='word_1_229' title='bbox 1154 3993 1268 4091; x_wconf 78' lang='lat' dir='ltr'>Prae-</span> 
     </span>
    </p>
   </div>
   <div class='ocr_carea' id='block_1_7' title="bbox 0 0 1339 4448">
    <p class='ocr_par' dir='ltr' id='par_1_8' title="bbox 0 0 1339 4448">
     <span class='ocr_line' id='line_1_34' title="bbox 0 0 1339 4448; baseline 0 0"><span class='ocrx_word' id='word_1_230' title='bbox 0 0 1339 4448; x_wconf 95' lang='lat' dir='ltr'> </span> 
     </span>
    </p>
   </div>
  </div>
 </body>
</html>
